2034 3392
626 93 1011 154 CAPVT
1078 97 1222 155 LV.
1600 119 1724 170 475

81 186 352 238 ficrificiis‚atque
360 187 512 224 omnibus
520 187 650 227 foederis
659 193 877 239 notis,praetet
887 190 1340 232 Circuncifionem,carerentt
1351 197 1422 242 quis
1433 195 1473 230 de
1483 194 1544 230 illis
1556 199 1665 232 astum
1676 197 1721 233 es-

82 237 113 272 se
123 250 187 271 non
197 239 374 274 iudicaffet?
408 240 503 274 Hanc
512 252 591 285 ergo
600 239 757 287 loquendi
765 239 908 274 formam
922 240 1014 276 Isaias
1023 242 1064 276 ad
1074 241 1327 290 populicaptum
1337 246 1610 280 accommodatur:
1621 258 1653 281 vt
1663 260 1717 294 pa-

83 288 170 321 &um
181 289 270 335 quod
282 290 368 322 Deus
378 300 452 322 cum
464 278 610 322 Patribus
624 288 1018 328 inierat‚ratum‚firmum‚
1032 301 1131 337 atque
1140 302 1292 325 :eternum
1303 315 1313 330 ‚
1326 305 1392 326 non
1402 291 1560 328 mutabile
1571 307 1624 329 aut
1633 306 1717 329 tem-

82 336 191 383 porale
200 336 260 370 else
277 335 501 384 intelligerent
509 362 517 369 .
554 338 646 371 Idem
659 336 816 385 intelligit
825 349 882 384 per
897 337 1130 374 misericordias
1143 338 1281 373 Dauidis
1293 363 1302 377 ‚
1314 338 1366 373 sed
1378 340 1437 376 hac
1446 354 1527 376 voce
1535 345 1715 389 gratuitum

83 382 144 419 effi:
153 384 258 420 foedus
267 385 510 433 admonetzquia
520 397 586 419 non
598 384 676 420 alibi
685 382 855 420 fundatum
866 385 1016 435 estquam
1025 389 1058 420 in
1067 399 1158 422 mer-2
1168 387 1397 422 Deibonitate.
1411 392 1557 437 Qoties
1568 403 1647 438 ergo
1654 390 1715 426 fo:-

81 434 166 473 deris
175 445 296 467 nornen
303 435 444 466 occurrit
454 435 487 466 in
499 433 686 482 Scripturis,
698 432 792 467 fimul
802 431 898 468 nobis
909 438 1020 481 gratia:
1028 448 1150 470 nomen
1162 438 1193 470 in
1204 448 1349 471 mentem
1359 439 1469 472 venire
1478 436 1576 474 deber
1584 463 1592 472 .
1610 441 1644 472 In
1654 439 1715 473 hac

81 482 162 516 vero
172 481 202 515 se
211 493 362 516 veracem
375 478 447 515 fore
457 485 693 529 pronuntian&
703 480 798 516 fimul
806 479 942 531 oblique
952 482 1108 532 fignificat
1116 485 1146 519 se
1156 497 1304 519 veracem
1313 498 1348 520 ac
1356 486 1559 521 constantem
1570 485 1630 521 effe
1641 500 1647 520 τ
1657 499 1716 520 nec

81 533 170 577 argui
186 527 274 576 poss'e
289 530 450 572 mendacii
458 553 468 568 ‚
481 529 570 577 quali
585 529 690 566 foedus
707 529 798 564 suum
806 530 1089 569 violarit:1udaeos
1105 535 1212 581 potius
1230 531 1419 582 foediftagos
1428 535 1490 570 effe
1509 539 1543 570 &
1561 533 1715 583 perfidos,

81 581 239 626 quoniam
253 576 368 625 abipso
379 577 578 613 desciuerunt
590 579 635 613 :se
644 578 722 613 vero
730 575 817 627 pa'tsti
828 592 883 614 aut
891 579 1033 628 promissi
1042 579 1086 615 sui
1097 584 1255 629 poenitere
1265 595 1331 616 non
1340 581 1441 631 posse.
1481 583 1516 618 D
1529 596 1552 618 A
1565 596 1586 618 ν
1599 595 1610 616 1
1628 596 1650 617 n
1666 595 1677 616 1
1695 596 1710 618 s

79 638 195 665 vocat,
205 629 364 674 quoniam
376 626 438 661 hoc
448 625 552 661 foedus
563 630 652 661 cuius
668 639 754 662 nunc
772 626 912 662 solennis
929 627 1139 664 confirmatio
1154 629 1191 664 fit
1200 653 1210 668 ‚
1221 632 1253 663 in
1264 644 1362 665 manu
1382 633 1516 667 Dauidis
1530 630 1710 681 percussum
1723 673 1725 675 Ι

80 687 162 712 erat.
201 677 328 724 Pepigit
337 676 470 719 quidem
480 675 646 710 Dominus
656 689 731 711 cum
742 674 1066 715 Abrahamo,deinde
1073 691 1132 726 per
1143 676 1257 712 Mosen
1266 679 1474 716 confirmauit
1485 708 1492 716 .
1503 681 1667 729 postremo
1677 684 1711 715 in
1731 681 1802 713 Gen.
1814 687 1890 724 ¹54²

79 738 180 761 manu
193 724 331 759 Dauidis
341 723 442 759 sanxit
451 724 516 758 hoc
525 725 613 759 idem
623 723 740 763 fcedus,
749 736 786 759 vt
795 736 951 760 aeternum
962 725 1039 761 effer
1047 752 1055 760 .
1090 729 1236 774 Qoties
1247 739 1325 774 ergo
1335 729 1429 764 Iudaei
1440 731 1481 764 de
1492 731 1711 778 redemptore,
1732 737 1770 762 Θ·
1780 739 1843 764 ι7-7

80 776 144 811 hoc
153 773 215 812 est,
226 775 267 808 de
277 772 374 808 salute
388 772 441 807 sua
456 772 662 820 cogitabant,
673 786 839 808 memores
854 774 915 808 effe
931 776 1082 813 Dauidis‚
1095 773 1185 822 quasi
1202 777 1713 826 interpretisgerentisperlouam
1736 775 1816 811 ›zi-od
1826 788 1892 818 2³4

81 821 368 870 Christi‚oportuit
376 849 383 855 .
398 823 469 856 Nec
483 824 571 856 enim
581 823 691 856 Dauid
701 834 735 857 vt
743 824 885 870 priuatus
895 822 1051 870 quispiam
1060 847 1070 861 ‚
1082 822 1133 857 sed
1141 836 1215 857 cum
1229 837 1268 857 eo
1277 824 1376 859 titulo
1385 831 1419 860 ὅ(
1427 826 1564 874 persona
1572 826 1713 861 hiccon-
1731 835 1771 862 cr
1779 839 1793 870 3
1801 836 1836 868 3·¹

80 872 265 907 siderandus
282 870 328 904 est
337 897 345 905 .
362 872 498 904 Interim
508 871 648 905 tenenda
656 870 701 904 est
710 870 797 904 illius
813 874 968 919 temporis
976 874 1079 905 ratio.
1090 884 1167 905 nam
1179 884 1286 919 quum
1298 875 1331 905 in
1339 874 1439 909 exilio
1450 874 1650 920 Babylonico
1659 889 1714 910 ex·
1733 880 1845 911 2.Sam.
1861 887 1891 915 7.

81 921 183 956 tinista
193 919 270 954 effer
280 920 390 968 Regni
399 919 590 966 dignitas,&
599 918 772 954 obscurum
783 931 818 953 ac
825 918 892 954 vile
901 931 1023 953 nomen
1034 920 1131 968 Regij
1144 924 1340 969 generis‚per
1349 922 1436 957 illius
1446 921 1574 959 familiJc
1587 927 1713 959 ruinam
1735 938 1772 962 12

80 969 185 1005 videri
218 979 325 1002 oterat
334 965 473 1016 collapsa
481 966 543 1002 effe
558 967 623 1002 Dei
631 969 751 1003 veritas
762 968 853 1002 :ideo
864 967 981 1002 solium
991 967 1130 1003 Dauidis
1139 970 1227 1017 quod
1243 971 1389 1006 dirutum
1404 969 1510 1007 fuerat
1518 996 1528 1011 ,
1537 971 1601 1007 fide
1618 971 1714 1022 inspi-

81 1031 156 1055 cere
164 981 263 1051 iubet.

136 1080 159 1110 4
207 1067 232 1100 E
249 1079 269 1100 c
278 1077 310 1099 -c
335 1077 352 1100 ε
394 1077 418 1099 τ
435 1078 452 1100 ε
472 1077 486 1099 s
505 1077 527 1100 τ
546 1078 564 1100 ι
585 1065 653 1109 Μ.)
696 1065 797 1099 Nunc
814 1063 930 1100 melius
940 1067 1094 1113 exprimit
1113 1063 1281 1115 Propheta
1298 1079 1355 1103 cur
1369 1067 1508 1103 Dauidis
1519 1071 1717 1105 memineritt

82 1127 202 1162 nempe
211 1113 300 1162 quod
313 1115 345 1148 in
355 1115 422 1148 eius
437 1126 536 1148 manu
545 1111 688 1162 depofita
702 1111 809 1148 fuerat
817 1112 984 1161 promissio
994 1116 1034 1148 de
1044 1125 1182 1149 venturo
1192 1117 1400 1164 redemptore
1408 1143 1416 1151 .
1424 1130 1461 1152 ac
1474 1118 1574 1165 posset
1583 1119 1719 1166 quidem

82 1166 122 1200 ad
130 1163 215 1198 illius
224 1160 392 1210 personam
410 1165 510 1211 aptari
521 1162 577 1196 hic
592 1161 698 1196 sermo
707 1185 717 1200 ,
727 1173 886 1209 quatenus
904 1161 1036 1197 foederis
1051 1162 1183 1211 sponsor
1194 1161 1255 1198 fuit
1267 1167 1358 1212 :quia
1366 1178 1424 1213 pro
1450 1169 1535 1200 rium
1546 1170 1718 1215 negotium

81 1221 147 1248 non
158 1210 292 1257 eginsed
301 1210 509 1260 interpositus
517 1208 677 1259 fuitquafi
691 1211 802 1246 Dei&
811 1210 924 1259 populi
932 1214 1102 1259 interpres.
1112 1212 1249 1247 minime
1261 1224 1373 1248 tamen
1383 1179 1522 1249 dubium
1536 1215 1581 1250 est
1614 1218 1668 1250 uin
1676 1217 1718 1252 ad

82 1262 164 1296 Chri
170 1251 251 1295 stum
260 1260 348 1294 reeta
365 1273 424 1294 nos
441 1263 538 1296 ducat
559 1258 651 1294 lsaias
660 1283 670 1298 ,
681 1260 720 1293 ad
730 1272 828 1307 quem
837 1256 941 1294 facilis
958 1258 1020 1294 fuit
1031 1259 1181 1295 tranlitus
1192 1262 1211 1295 a
1221 1261 1352 1296 Dauide
1361 1276 1368 1296 ε
1377 1275 1412 1297 ac
1421 1261 1442 1296 fi
1451 1264 1572 1298 diceret
1582 1288 1591 1303 ,
1611 1263 1719 1299 'rodi-

79 1310 130 1345 bit
139 1309 196 1344 ille
207 1309 345 1344 Dauidis
355 1309 510 1343 successor
521 1332 531 1347 ‚
542 1320 598 1356 per
606 1311 696 1342 cuius
706 1321 840 1343 manum
849 1308 999 1356 promissa
1008 1309 1053 1343 est
1064 1307 1208 1357 perfee'ta
1215 1308 1296 1345 salus
1303 1323 1340 1345 ac
1349 1308 1487 1346 felicitas
1497 1338 1506 1346 .
1518 1314 1652 1347 Testem
1663 1326 1721 1348 vo·

79 1360 184 1394 cando
193 1382 202 1396 ‚
214 1356 318 1392 foedus
328 1359 416 1406 quod
425 1360 514 1396 iniit,
525 1369 639 1391 verum
647 1360 682 1391 δε
692 1368 800 1391 ratum
808 1359 843 1390 in
852 1357 985 1391 Christo
997 1355 1069 1392 fore
1083 1357 1242 1406 fignificat
1253 1385 1262 1393 .
1303 1358 1416 1394 Subest
1426 1373 1535 1396 aurem
1545 1363 1674 1409 pondus
1684 1364 1720 1396 in

78 1413 216 1443 nomine
231 1406 335 1441 Testis
345 1431 352 1439 .
363 1418 438 1440 nam
448 1407 542 1440 huius
551 1404 682 1440 foederi's
696 1404 1006 1454 comprobationem
1022 1409 1057 1440 in
1067 1406 1200 1442 Christo
1216 1404 1286 1443 fore
1299 1409 1519 1450 demonstrat,
1530 1410 1548 1444 a
1557 1422 1625 1458 quo
1634 1412 1719 1445 veri-

79 1468 129 1492 tas
139 1456 204 1490 Dei
223 1454 368 1503 patefiet.
382 1453 565 1489 Testabitur
574 1456 663 1489 enirn
675 1456 784 1489 Deum
795 1454 932 1489 minime
943 1452 1096 1490 fallacem
1110 1454 1181 1491 esse:
1190 1454 1244 1490 sed
1255 1457 1317 1492 hoc
1326 1457 1548 1493 testimonium
1556 1462 1590 1492 in
1598 1460 1718 1494 dostri·

77 1517 122 1540 na
131 1503 270 1553 positum
285 1504 340 1538 est:
348 1515 419 1552 quae
428 1502 450 1538 fi
459 1515 527 1538 non
536 1504 704 1538 accederet
712 1526 722 1542 ,
732 1515 846 1551 parum
855 1502 978 1538 fruetus
986 1507 1226 1552 perciperemus
1237 1518 1275 1540 ex
1283 1507 1424 1540 aduentu
1435 1507 1574 1542 Christi:
1585 1506 1662 1543 ficut
1670 1508 1719 1542 di-

78 1556 163 1589 citur
171 1552 299 1588 Psalmo
311 1550 693 1600 secundo,Promulgabo
702 1553 945 1600 edi&um.Qo
953 1551 1040 1587 sensu
1049 1557 1150 1588 etiam
1159 1551 1235 1588 alibi
1245 1555 1326 1589 dixit
1333 1555 1422 1589 idem
1433 1554 1671 1595 lsaias,Christo
1680 1569 1717 1594 os
1737 1552 1905 1597 sust-'4¹9²'

79 1601 255 1638 foreinstar
264 1600 364 1650 gladij
374 1600 425 1635 vel
435 1600 556 1649 sagitta:
565 1599 726 1648 ,Ideoque
741 1602 822 1636 Dvc
831 1613 847 1635 ε
854 1613 882 1635 Μ
903 1605 938 1636 δε
954 1602 1066 1636 PRAEc
1074 1615 1092 1637 ε
1102 1615 1118 1636 1³
1126 1614 1147 1636 τ
1154 1614 1226 1637 oni:
1235 1616 1261 1637 M
1278 1601 1352 1638 fore
1362 1605 1453 1638 addit
1461 1628 1472 1644 ‚
1487 1605 1554 1653 quo
1562 1609 1717 1641 attentio-

79 1664 156 1686 nem
167 1652 232 1685 eius
243 1651 399 1685 doetrinae
407 1649 576 1684 conciliet:
587 1651 663 1697 quia
670 1647 727 1683 nifi
736 1648 928 1698 loquentem
944 1651 1113 1685 audiamus
1118 1674 1131 1690 ,
1141 1650 1292 1699 certaque
1303 1650 1368 1687 fide
1378 1653 1614 1701 amplecitamur
1625 1657 1717 1702 quod

78 1699 174 1735 nobis
185 1697 326 1734 affirmat
337 1700 377 1734 de
386 1700 486 1733 Patris
496 1697 714 1746 beneplacito,
725 1700 911 1734 exinanitur
919 1701 987 1734 eius
996 1697 1213 1741 virtusfficuti
1224 1713 1347 1735 nomen
1354 1701 1475 1736 Christi
1485 1701 1560 1738 satis
1567 1703 1717 1752 personat

80 1751 114 1784 in
124 1751 256 1792 Papatu:
265 1747 315 1782 sed
326 1760 429 1795 quum
440 1759 480 1781 eo
490 1748 627 1782 dostore
635 1750 670 1782 ὃ(
679 1757 878 1794 praeceptore
888 1750 934 1782 vti
943 1747 1063 1786 nolint,
1074 1761 1137 1783 nec
1146 1761 1221 1783 eum
1231 1761 1447 1798 praeterquam
1455 1764 1493 1786 ex
1501 1750 1570 1787 solo
1578 1755 1716 1789 nomine

78 1797 372 1846 agnoscant‚inanis
380 1799 414 1830 δε
425 1808 505 1829 vana
518 1795 563 1829 est
570 1808 685 1830 eorum
695 1797 836 1830 iactatio.
874 1797 897 1829 P
904 1809 926 1830 o
935 1809 952 1830 Ρ
959 1809 1003 1831 vx.
1011 1809 1022 1830 1
1030 1799 1055 1831 εξ
1069 1798 1143 1831 Hoc
1153 1798 1194 1831 ad
1203 1797 1494 1846 amplificationem
1503 1801 1650 1837 additum
1659 1802 1717 1842 est,

79 1848 156 1894 quia
167 1844 305 1880 Ecclesia
315 1848 349 1879 in
360 1847 407 1892 pri
413 1844 527 1878 stiuam
538 1845 731 1892 dignitatem
740 1844 861 1878 restitui
870 1856 937 1878 non
944 1846 1188 1892 potuir,nedum
1198 1845 1383 1893 augetimisi
1391 1848 1537 1883 colleffis
1544 1851 1717 1887 Gentibus:

78 1893 220 1939 ideoque
229 1900 345 1928 vocem
358 1892 480 1928 Christi
491 1905 660 1940 penetrare
668 1893 814 1940 oportuit
823 1892 924 1940 vsque
934 1894 972 1927 ad
984 1892 1116 1928 vltimas
1125 1898 1314 1943 terraszquia
1322 1896 1470 1932 vniuerso
1479 1901 1593 1946 generi
1601 1900 1719 1935 huma·

80 1957 124 1978 no
133 1943 299 1981 remed-ax
308 1945 342 1976 &
351 1953 526 1990 praeceptor
535 1941 579 1975 est
587 1941 787 1976 constitutus.

188 1994 212 2026 E
225 2005 244 2026 c
257 2005 275 2025 e
288 2003 305 2025 E
329 2004 348 2023 o
364 2003 380 2023 ε
398 2002 420 2023 N
432 2002 453 2022 τ
470 2003 486 2024 ε
502 1992 564 2033 Μ.)
602 1987 706 2023 Fusius
715 1988 855 2036 explicat
864 1989 1052 2038 Isaiasquod
1069 1993 1156 2039 ptius
1166 1994 1275 2041 attigit
1283 2005 1348 2028 vno
1356 1992 1470 2029 verbo.
1481 1994 1611 2033 Ducem
1621 2001 1713 2033 enim

80 2040 248 2076 Christum
258 2036 328 2074 fore
338 2037 511 2085 fignificat,
523 2050 589 2071 non
600 2040 693 2072 vnius
701 2037 883 2085 populi,sed
891 2041 1086 2073 cunctorum
1095 2065 1104 2074 .
1142 2042 1225 2074 Voc
1235 2054 1257 2075 Α
1267 2053 1291 2077 R
1301 2055 1332 2081 ε,
1343 2041 1397 2077 hic
1406 2042 1718 2091 poffizffionemdesi.

77 2100 173 2140 gnat.
203 2089 255 2124 Est
264 2091 352 2121 enim
363 2099 474 2121 mutua
481 2085 600 2121 relatio
612 2089 696 2120 inter
706 2087 854 2120 Vocandi
863 2090 898 2121 &
915 2086 1147 2135 Respondcndi
1163 2088 1299 2124 verbum
1310 2116 1318 2125 .
1346 2094 1448 2127 Vocat
1455 2095 1557 2141 igitur
1567 2096 1716 2131 Christus

77 2151 139 2187 pto
149 2140 289 2186 imperio
297 2160 306 2175 ‚
316 2147 350 2170 vt
361 2139 416 2183 qui
427 2135 588 2183 potestate
605 2133 731 2169 summa
739 2136 890 2182 praeditus
899 2135 944 2170 est
952 2162 960 2170 .
978 2148 1074 2171 vocat
1083 2149 1193 2172 autern
1202 2140 1324 2173 Gentes
1332 2163 1342 2179 ‚
1355 2151 1391 2174 vt
1399 2153 1451 2174 eas
1460 2143 1494 2175 in
1503 2143 1652 2179 ordinem
1660 2157 1716 2178 co-

80 2200 145 2231 gat,
159 2190 194 2222 δε
202 2185 349 2221 subiiciat
357 2183 461 2219 verbo
473 2183 539 2219 suo.
578 2182 700 2218 Praesto
709 2194 819 2218 autem
829 2185 867 2218 ad
876 2183 1067 2231 obsequium
1082 2183 1153 2220 fore
1164 2188 1254 2226 dicit,
1265 2191 1403 2236 quanuis
1418 2190 1574 2232 haetenus
1588 2195 1712 2241 ignotae

79 2226 200 2272 fuerint
210 2259 220 2273 ‚
229 2247 296 2269 non
305 2233 396 2281 quod
405 2246 457 2267 eas
473 2232 572 2267 Filius
581 2235 716 2280 Dei,pet
725 2245 825 2280 quem
833 2245 948 2268 creata:
956 2232 1252 2273 fuerant,nescierit
1260 2260 1269 2275 ,
1285 2234 1339 2271 sed
1348 2240 1425 2285 quia
1441 2238 1554 2275 habita
1568 2254 1634 2276 non
1649 2239 1713 2276 fuit

81 2297 192 2321 earum
205 2285 288 2317 ratio
298 2284 405 2317 donec
421 2280 544 2316 censeri
560 2284 595 2315 in
616 2279 760 2315 Ecclelia
769 2293 937 2329 coeperunt
948 2307 956 2314 .
972 2281 1067 2318 Deus
1080 2285 1167 2318 enim
1176 2285 1383 2332 peculiariter
1393 2299 1566 2325 vocauetat
1580 2291 1714 2326 Iudaeos:

81 2336 205 2369 Gentes
216 2330 348 2366 exclusae
357 2329 551 2365 videbantur
558 2354 568 2368 ,
579 2328 668 2377 quali
676 2328 758 2364 nihil
770 2329 919 2378 adipsum
927 2333 1126 2379 pertinerent
1135 2359 1144 2367 .
1159 2335 1255 2369 Nunc
1266 2334 1346 2370 vero
1354 2335 1522 2371 Christum
1530 2338 1712 2386 alloquem,

104 2383 245 2417 romittit
253 2378 324 2414 fore
333 2389 370 2412 vt
378 2377 493 2414 easfibi
504 2378 730 2427 obtemperare
737 2391 850 2427 cogat,
860 2383 1057 2428 quantunuis
1069 2380 1183 2417 alienae
1201 2385 1290 2430 prius
1299 2382 1340 2418 ab
1350 2386 1416 2419 eius
1424 2388 1564 2434 imperio
1573 2385 1713 2423 fuissent.

78 2396 155 2467 {loc
166 2431 254 2464 idem
264 2431 299 2462 in
311 2427 477 2476 progressii
489 2429 628 2476 apertius
640 2426 854 2465 declarat,vbi
864 2431 966 2464 etiam
976 2429 1015 2463 ad
1023 2442 1196 2465 numerum
1205 2431 1366 2480 pluralem
1374 2433 1485 2470 transit
1496 2459 1506 2474 ‚
1518 2437 1585 2484 quo
1595 2437 1713 2472 melius

81 2482 241 2528 exprimat
252 2490 290 2511 ex
299 2478 393 2510 variis
426 2474 531 2524 opulis
538 2475 714 2511 collestum
724 2478 762 2510 iri
775 2475 962 2516 Ecclesiam,
974 2490 1010 2512 vt
1017 2481 1073 2526 qui
1084 2481 1170 2527 prius
1177 2479 1305 2528 disperii
1314 2495 1416 2521 erant,
1427 2485 1460 2516 in
1468 2496 1572 2520 vnum
1581 2497 1711 2521 coeant.

80 2542 159 2564 nam
170 2526 335 2561 Currendi
344 2488 483 2560 verbum
492 2525 532 2559 ad
540 2524 616 2559 fidei
629 2523 818 2560 consensum
828 2523 964 2560 refertur
975 2553 984 2562 .
1003 2526 1082 2562 Alio
1088 2539 1198 2564 autem
1206 2528 1292 2564 sensu
1302 2542 1389 2565 nunc
1397 2533 1477 2566 dicit
1486 2534 1608 2568 Gentes
1617 2537 1712 2584 igno-

82 2577 160 2614 rass'e
172 2574 350 2612 Christum,
362 2574 461 2621 quam
478 2585 581 2621 nuper
589 2574 714 2607 dixerat
732 2573 864 2609 Christo
872 2572 962 2610 fuisse
969 2578 1099 2624 ignotas
1110 2603 1118 2610 .
1127 2577 1256 2626 proprie
1265 2583 1354 2614 enim
1363 2577 1505 2627 profanis
1513 2582 1628 2618 omnib
1634 2592 1667 2618 us
1676 2587 1713 2619 ὃς

81 2623 257 2661 incredulis
272 2621 423 2657 tribuitur
431 2624 629 2671 ignorantia:
640 2624 715 2670 quia
725 2621 854 2657 caelestis
862 2624 1017 2658 doetrinae
1026 2624 1097 2660 luce
1106 2629 1274 2674 priuantur
1282 2651 1293 2666 ,
1304 2626 1370 2662 fine
1381 2641 1445 2676 qua
1453 2641 1519 2663 non
1529 2632 1636 2679 potest
1647 2634 1711 2667 Dei

82 2676 203 2708 notitia
211 2671 333 2706 haberi.
343 2673 591 2718 Qanuiscnim
604 2673 752 2704 omnium
760 2673 875 2706 animis
885 2672 1073 2708 naturaliter
1081 2676 1227 2722 impreffit
1237 2673 1274 2710 fit
1283 2679 1402 2712 notitia
1415 2678 1480 2712 Dei
1489 2702 1500 2718 ‚
1511 2691 1621 2715 tamen
1629 2682 1713 2716 adeo

82 2720 214 2758 confusa
222 2724 254 2755 3<
263 2719 396 2754 obscura
405 2719 450 2752 est
459 2742 468 2757 ‚
479 2718 639 2766 variisque
649 2718 771 2753 delitiis
786 2719 933 2755 inuoluta
943 2745 952 2759 ‚
964 2733 999 2755 vt
1008 2719 1066 2755 nifi
1076 2725 1209 2758 accedat
1225 2724 1280 2759 lux
1289 2725 1410 2765 Verbi,
1422 2729 1532 2762 Deum
1547 2729 1712 2764 noscendo

84 2780 152 2805 non
162 2768 345 2816 agnoscant,
351 2767 401 2802 sed
414 2766 526 2802 misere
539 2779 645 2801 errent
654 2769 687 2801 in
699 2766 849 2802 tenebris.
885 2768 951 2804 Hic
961 2768 1120 2806 habemus
1128 2771 1252 2821 insigne
1261 2775 1323 2807 Dei
1335 2775 1560 2811 testimonium
1569 2779 1609 2813 de
1620 2791 1715 2813 voca-

84 2822 173 2854 tione
183 2820 340 2852 Gentium
350 2839 359 2854 ‚
370 2815 486 2863 quibus
497 2815 642 2850 Christus
653 2828 722 2850 non
740 2819 846 2851 minus
857 2819 957 2865 quam
972 2820 1080 2853 ludaeis
1097 2820 1272 2856 destinatus
1287 2822 1349 2857 est.
1363 2825 1456 2858 Vnde
1472 2828 1573 2861 etiam
1583 2827 1714 2874 colligi·

83 2881 155 2903 mus
169 2869 276 2901 Deum
288 2863 406 2898 habere
417 2867 492 2899 curi
502 2865 612 2902 nostri,
623 2863 643 2898 fi
653 2863 709 2899 sub
718 2867 891 2913 imperium
901 2869 968 2900 eius
977 2869 1098 2902 redacti
1109 2867 1220 2909 fimus,
1231 2883 1290 2906 nec
1302 2869 1405 2907 solum
1413 2885 1485 2909 eam
1495 2887 1604 2910 curam
1614 2888 1714 2922 quam

85 2918 126 2951 de
137 2913 290 2950 omnibus
300 2914 453 2947 creaturis
462 2937 471 2950 ‚
481 2911 532 2947 sed
545 2912 677 2960 qualem
693 2925 784 2961 pater
794 2925 853 2961 pro
863 2912 938 2948 filiis
951 2915 1070 2953 habet.
1085 2920 1291 2966 Qanquam
1305 2919 1361 2955 sub
1377 2934 1459 2956 voce
1467 2922 1586 2958 Cursus
1598 2923 1714 2958 melius

86 2966 275 3012 exprimitur
285 2960 427 2996 efficacia
436 2961 530 2995 huius
539 2964 796 2996 vocationis.Hic
809 2965 897 2997 enim
906 2962 980 2997 finis
989 2964 1035 2998 est
1042 2988 1052 3003 ‚
1062 2978 1098 3002 vt
1108 2979 1240 3015 paream
1246 2981 1280 3002 us
1289 2971 1363 3003 Deo
1370 2993 1380 3008 ,
1394 2982 1429 3005 vt
1439 2983 1594 3019 prompto
1603 2977 1638 3008 ὃ(
1649 2972 1714 3007 ala-

86 3016 130 3047 cri
140 3016 251 3046 animo
262 3009 403 3044 fistamm
413 3021 472 3042 nos
480 3021 589 3043 coram
599 3009 666 3058 ipso
677 3010 798 3044 dociles
807 3034 816 3049 ,
828 3011 1019 3059 paratosque
1028 3015 1069 3048 ad
1078 3017 1312 3064 excipiendum
1321 3018 1503 3066 quemlibet
1513 3023 1579 3055 eius
1588 3033 1714 3056 nutum:

87 3060 364 3109 quemadmodum
376 3056 491 3092 Paulus
501 3059 600 3093 Rom.
613 3072 638 3097 1,
648 3062 682 3093 &
695 3059 813 3093 vltimo
822 3083 831 3097 ‚
845 3059 943 3094 finem
954 3065 1133 3098 vocationis
1142 3064 1256 3100 nostrae
1263 3065 1484 3102 obedientiam
1493 3068 1553 3104 effe
1563 3071 1713 3105 ostendit.
1730 3081 1863 3119 Roma-5

87 3110 149 3145 Sed
155 3112 231 3158 quia
240 3105 421 3154 longissime
430 3105 588 3141 distabant
605 3109 724 3142 Gentes
732 3109 750 3142 a
761 3108 836 3142 Deo
845 3132 856 3147 ,
867 3112 1014 3157 oportuit
1029 3111 1157 3148 strenue
1176 3116 1256 3150 eniti
1272 3126 1306 3150 vt
1322 3113 1467 3161 abruptis
1482 3118 1634 3155 omnibus
1651 3122 1714 3154 im·
1730 3122 1781 3158 lbi,
1793 3136 1804 3157 1
1812 3127 1841 3158 6,
1853 3130 1889 3159 ις

1396 3166 1438 3199 R.
1474 3168 1533 3201 iiii.
