2034 3392
645 111 1030 188 CAPVT
1085 117 1340 173 XLJJ.
1725 129 1820 191 361

303 210 333 245 A
353 223 378 246 n
399 222 421 244 v
443 222 466 244 Ν
489 221 511 244 1>
531 221 543 242 ι
565 220 588 242 Ν
610 221 627 242 ε
648 221 675 243 M
718 221 783 253 σφ’
803 220 826 243 Α
850 221 863 242 s
884 220 897 242 s
918 221 940 243 A
963 221 983 243 τ
1004 221 1026 243 A
1052 221 1092 243 Μ.
1130 211 1303 259 Postquam
1317 215 1480 262 ingenere
1491 217 1825 263 pronuntiauitChri-

181 260 266 296 stum
277 261 383 294 Princi
408 257 480 293 ibus
488 259 624 291 terrenis
635 255 823 291 diffimilem
834 255 922 292 fore:
932 256 1217 293 mansuetudinem
1234 273 1366 314 quoque
1376 261 1470 310 ipfius
1479 266 1512 297 in
1523 264 1628 312 specie
1635 264 1780 301 declarat
1789 270 1824 303 'm

180 322 232 348 eo,
242 309 335 357 quod
347 271 496 343 inieirmos
508 317 544 339 ac
553 303 678 339 debiles
688 304 864 340 sustinebit.
877 308 951 340 Hoc
960 310 1048 341 enim
1060 305 1507 355 significatil'talunilitudine
1526 324 1548 345 A
1562 324 1585 346 R
1600 327 1621 347 v
1638 326 1660 347 Ν
1676 327 1697 348 1>
1714 328 1723 349 1
1742 327 1764 348 Ν
1779 327 1789 348 ι
1807 327 1822 350 s

183 371 242 402 Q
255 369 279 391 Α
292 369 306 391 s
317 370 331 390 s
347 369 371 391 A
386 367 445 390 τΑε
455 378 465 393 ,
486 353 575 388 nolle
592 352 622 387 se
631 366 686 388 eos
696 356 750 401 qui
762 352 934 388 semifraCti
946 355 1017 390 sunt
1024 353 1175 404 frangere
1187 360 1326 392 omnino
1337 371 1371 392 ac
1379 371 1567 398 conterere,
1580 361 1630 396 scd
1641 361 1749 397 leuare
1765 376 1823 411 po-

180 410 242 441 tius
255 418 290 440 ac
301 405 453 440 sustinere
463 417 472 438 ,·
482 413 518 437 vt
527 403 615 449 quod
626 402 705 436 boni
716 405 751 436 in
767 401 925 450 ipsiscrit‚
936 403 1106 438 conseruet
1121 415 1219 452 atque
1233 406 1393 453 adaugeat
1404 434 1412 442 .
1450 410 1540 443 Idem
1556 410 1698 445 declarat
1711 410 1823 447 limili-

175 455 288 490 tudine
304 452 364 487 lini
380 450 571 499 fumigantis
581 476 589 484 .
608 451 802 498 metaphora
813 452 910 485 dueta
924 452 968 486 est
977 451 1018 486 ab
1033 451 1214 497 ellychniis,
1231 456 1263 487 in
1273 454 1390 501 quibus
1405 455 1461 490 etsi
1470 456 1617 505 displicet
1629 458 1820 500 obscuritas,

177 515 234 537 aut
241 499 348 537 fumus
360 513 460 548 quem
470 500 571 534 edunt
580 523 590 538 ‚
603 512 670 533 non
680 511 789 533 tamen
800 502 1051 548 extinguuntur,
1062 499 1113 535 sed
1124 505 1232 549 potius
1242 504 1439 538 mundantur
1447 518 1483 539 ac
1496 504 1665 541 fouentur.
1702 509 1822 543 Talem

176 550 308 585 Christo
321 548 561 597 indulgentiam
577 546 726 582 attribuit
744 544 838 581 Isaias
850 571 859 586 ‚
877 561 941 595 qua
957 548 1220 584 imbecillitatem
1236 551 1379 587 nostram
1391 552 1625 602 tolerettquod
1635 555 1742 603 reipsa
1752 556 1819 590 sen-

176 602 275 634 timus
290 596 331 632 ab
342 596 410 645 ipso
427 595 573 643 impleri.
601 595 788 643 vbicunque
798 599 887 630 enim
899 600 1017 632 emicat
1029 597 1139 646 aliqua
1154 598 1288 634 scintilla
1300 603 1442 648 pietatis,
1456 616 1528 637 eam
1549 602 1641 638 fouet
1656 615 1755 652 atque
1766 618 1819 639 ex-

172 650 268 682 citat.
283 659 359 680 nam
370 644 391 680 fi
403 643 573 680 nobiscum
585 643 713 678 summo
730 646 799 678 iure
812 657 940 692 ageret,
953 648 986 679 in
1001 646 1142 681 nihilum
1154 649 1395 695 redigeremus.
1432 653 1587 699 Qanuis
1602 654 1704 701 igitur
1719 653 1818 687 vacil-

171 695 241 730 lent
254 695 406 728 homines
415 706 452 728 ac
467 693 670 731 claudicent,
689 696 826 739 quanuis
837 696 936 728 ctiam
955 693 1090 741 qualla'ti
1108 707 1163 730 aut
1173 695 1274 730 luxati
1284 696 1362 737 lint,
1376 711 1488 734 tamen
1497 713 1552 735 eos
1565 713 1632 735 non
1644 701 1751 735 statim
1760 700 1816 736 ab..

171 746 240 779 iicit
251 767 261 782 ‚
273 742 360 792 quasi
369 741 494 790 prorsus
503 740 635 775 inutiles
645 755 652 775 :
664 740 716 775 sed
725 741 779 775 diu
792 741 932 789 perfert,
945 745 1052 790 quoad
1069 742 1229 778 firmiores
1241 748 1275 779 &
1284 747 1522 784 constantiores
1539 751 1815 785 reddiderim-iu-

170 794 220 827 ius
230 788 619 837 maniuettidinislignum
629 790 754 823 editum
767 789 828 824 fuit
840 791 857 825 ὲ
871 791 963 829 Deo,
974 792 1049 826 cum
1058 793 1207 826 Christus
1222 795 1261 828 ad
1278 794 1342 828 hoc
1358 795 1531 845 legationis
1546 810 1666 832 munus
1675 800 1814 846 inaugu-
1827 814 1899 844 Mat,
1922 816 1996 856 3.16

171 852 259 875 ratus
269 840 330 874 est.
357 838 464 873 missus
482 841 571 871 enim
588 838 632 872 est
646 839 662 872 ὲ
672 837 756 873 coelo
767 842 800 872 in
816 838 919 886 ipsum
932 840 1070 887 Spiritus
1084 839 1208 875 sanetus
1224 841 1280 875 sub
1295 843 1398 891 specie
1411 845 1572 881 columbae
1584 871 1594 886 ‚
1605 859 1675 894 quae
1686 847 1769 881 nihil
1780 861 1811 882 a·
1826 862 1994 899 Marario,

169 889 238 924 liud
247 901 310 938 prae
322 887 352 922 se
361 886 426 922 fert
441 888 541 934 quam
560 886 843 921 mansuetudinem
861 891 896 922 ὃς
908 887 1099 922 lenitatem.
1136 891 1176 923 Et
1192 891 1282 924 certe
1304 891 1432 939 lignum
1449 894 1506 942 ipsi
1523 897 1567 929 rei
1581 899 1720 930 omnino
1733 908 1811 930 con·
1827 910 1894 942 Luc,
1911 919 1990 951 322,

170 941 279 972 uenit.
297 948 356 972 nec
366 938 454 970 enim
465 947 602 983 magnos
616 935 676 969 stre
701 938 765 970 itus
775 947 908 974 mouet,
923 949 983 970 nec
999 935 1245 973 formidabilem
1262 938 1293 974 se
1303 940 1443 988 pubet,
1455 955 1494 978 vt
1510 945 1617 992 Reges
1626 948 1747 980 terreni
1763 945 1811 980 so·
1826 957 1949 1002 [0}„1‚32

167 985 254 1020 lent:
267 997 372 1032 neque
388 983 546 1032 populum
563 982 653 1017 suum
668 949 760 1031 (lipra
768 987 907 1019 modum
918 997 1052 1033 vrgere,
1067 997 1122 1019 aut
1132 999 1298 1034 premere,
1309 988 1360 1024 sed
1372 994 1479 1038 potius
1495 990 1666 1028 subleuarc
1675 1006 1711 1028 ac
1719 991 1811 1028 foue-

166 1047 201 1068 re
211 1033 298 1068 vult.
318 1045 378 1067 nec
391 1032 494 1067 solum
512 1033 543 1066 id
557 1032 786 1080 praestititcum
796 1037 943 1081 apparuit
956 1035 1081 1068 mundo
1092 1058 1101 1072 ,
1113 1033 1208 1068 sedin
1219 1038 1286 1070 dies
1297 1050 1352 1085 per
1362 1042 1451 1074 Euan
1478 1041 1582 1075 elium
1592 1041 1692 1077 talem
1701 1040 1730 1076 se
1741 1055 1813 1090 pre-

166 1082 240 1118 bet.
275 1084 350 1117 Hoc
365 1083 464 1129 igitur
474 1080 626 1128 exemplo
639 1079 762 1115 debent
781 1081 919 1116 ministri
938 1082 1106 1129 Euangelij
1118 1107 1127 1121 ,
1141 1084 1216 1119 cum
1233 1088 1302 1120 eius
1318 1089 1403 1122 vices
1417 1089 1462 1123 sul
1480 1092 1612 1128 ineant,
1624 1091 1812 1126 mansuetos

164 1131 196 1166 se
212 1130 374 1180 praebere,
389 1133 424 1164 &
435 1129 588 1164 sustinere
599 1127 764 1169 infirmos,
782 1134 817 1165 &
834 1129 962 1178 placide
975 1132 1095 1165 ducere
1109 1135 1142 1166 in
1155 1135 1258 1172 viam,
1279 1147 1320 1168 ne
1332 1139 1528 1185 extinguant
1542 1139 1575 1171 in
1591 1141 1636 1172 eis
1648 1139 1812 1187 igniculos

163 1182 313 1228 pictatis,
330 1181 385 1227 qui
396 1177 449 1213 vel
465 1178 599 1225 paulum
613 1179 715 1212 modo
726 1182 870 1213 emicant
881 1203 890 1217 ,
904 1178 957 1214 sed
970 1183 1079 1227 potius
1093 1180 1300 1216 inflamment
1317 1187 1395 1218 totis
1405 1184 1547 1220 viribus.
1585 1187 1752 1222 Caeterum
1769 1201 1812 1222 ne

161 1229 224 1262 hac
241 1227 491 1263 mansuetudine
507 1229 587 1261 vitia
604 1229 639 1261 δε
657 1227 855 1276 corruptelas
870 1225 976 1262 foueri
999 1228 1239 1269 existimemus,
1257 1230 1442 1280 subiungit,
1472 1249 1482 1269 1
1504 1247 1527 1269 Ν
1566 1248 1588 1269 v
1611 1249 1627 1270 5
1648 1248 1673 1271 R
1694 1249 1704 1269 1
1728 1248 1749 1270 τ
1772 1249 1811 1270 Α-

163 1290 185 1311 τ
203 1291 220 1312 ε
276 1290 292 1311 1‘
313 1288 338 1311 R
361 1289 383 1310 ο
404 1288 419 1310 r
443 1289 459 1310 ε
481 1286 504 1309 R
523 1288 540 1309 E
560 1288 580 1309 τ
633 1287 644 1309 1
672 1289 691 1309 v
717 1289 738 1311 D
767 1289 779 1310 1
802 1289 822 1311 c
845 1289 856 1309 1
881 1290 899 1309 v
920 1290 966 1312 M.
993 1279 1166 1324 ‚Qanuis
1184 1291 1264 1327 ergo
1280 1280 1430 1317 Christus
1446 1282 1595 1318 infirmos
1611 1284 1759 1320 subleuet
1772 1298 1810 1320 ac

161 1325 329 1365 sustineat,
342 1336 455 1359 tamen
473 1323 572 1372 longe
584 1323 672 1358 abest
689 1324 898 1363 ablanditiis‚
917 1324 1034 1374 quibus
1048 1329 1130 1360 vitia
1146 1327 1292 1362 aluntur.
1316 1325 1510 1379 coi-rigeifda
1527 1335 1628 1380 igitur
1644 1333 1716 1368 sunt
1732 1347 1810 1383 pec-

160 1386 231 1409 cata
253 1373 320 1409 fine
339 1373 542 1410 adulatione,
565 1387 631 1422 qua
653 1373 738 1409 nihil
758 1376 863 1422 magis
885 1374 1029 1409 alienum
1046 1374 1087 1409 ab
1107 1375 1165 1410 ista
1186 1377 1434 1413 mansuetudine
1452 1381 1513 1415 else
1536 1383 1658 1428 potest.
1690 1386 1808 1432 Itaque

159 1423 338 1472 diligenter
354 1423 499 1457 cauenda
518 1421 615 1457 nobis
632 1421 705 1469 sunt
721 1435 868 1461 extrema
884 1438 890 1457 :
914 1424 946 1458 id
964 1423 1028 1462 est,
1047 1437 1088 1458 ne
1104 1424 1156 1458 vel
1172 1428 1277 1460 nimia
1296 1425 1469 1463 seueritate
1498 1427 1688 1479 frangamus
1715 1433 1808 1466 debi-

157 1471 241 1508 lium
259 1474 401 1506 animos:
416 1470 469 1505 vel
487 1469 655 1506 blanditiis
671 1468 786 1505 nostris
803 1471 926 1520 aliquid
940 1472 1019 1506 mali
1040 1471 1226 1508 foueamus.
1266 1478 1308 1509 Vt
1325 1488 1435 1512 autem
1452 1477 1568 1513 melius
1585 1491 1757 1516 teneamus
1773 1484 1809 1515 in

158 1533 241 1569 quos
257 1522 320 1555 hac
338 1518 585 1555 mansuetudine
602 1521 761 1554 Vtendum
780 1519 816 1554 fit
841 1521 963 1555 Christi
985 1521 1155 1569 exemplo,
1171 1520 1282 1558 sedulo
1306 1527 1515 1572 expendenda
1539 1526 1611 1562 sunt
1636 1531 1807 1578 Prophetae

158 1568 274 1604 verba.
311 1568 487 1603 Calamum
503 1567 683 1621 quassatum
695 1572 730 1603 δε
747 1565 950 1614 ellychniuirl
960 1568 1091 1604 fumans
1109 1573 1276 1606 nominat.
1314 1575 1391 1608 Haec
1410 1577 1509 1623 igitur
1525 1578 1565 1610 ad
1582 1589 1637 1611 eos
1653 1591 1721 1612 non
1737 1590 1810 1627 per-

157 1620 266 1652 tinent
289 1621 345 1665 qui
368 1615 490 1652 robusti
510 1620 581 1651 lunt
596 1641 606 1655 ,
631 1629 730 1665 atque
748 1621 964 1665 peruicaciter
980 1617 1128 1653 resistunt
1140 1643 1149 1658 ‚
1167 1620 1289 1668 quique
1308 1620 1418 1657 furioli
1431 1623 1556 1663 sunt,ac
1567 1627 1737 1661 indomiti.
1761 1638 1810 1662 ta-

153 1665 204 1700 les
221 1669 310 1701 enim
333 1666 393 1700 hac
419 1665 626 1714 indulgentia
643 1668 770 1714 indigni
794 1665 890 1701 sunt:
914 1669 994 1714 quin
1020 1670 1130 1715 potius
1155 1668 1329 1705 seueritate
1349 1672 1468 1711 Verbi,
1493 1686 1648 1722 tanquam
1666 1675 1807 1715 malleo,

153 1713 326 1761 frangendi
343 1715 414 1749 sunt
428 1716 669 1749 &conterendi
684 1742 690 1749 .
730 1717 842 1762 ltaque
860 1713 901 1749 fic
916 1715 1023 1750 laudat
1040 1716 1321 1754 mansuetudinem
1332 1744 1342 1759 ,
1361 1732 1397 1755 vt
1414 1719 1508 1756 fimul
1527 1721 1646 1771 quibus
1663 1737 1739 1773 apta
1755 1723 1805 1764 fit,

179 1758 286 1798 nando
301 1767 337 1798 &⁷
355 1764 524 1811 quomodo
538 1762 760 1801 vtendumlit,
779 1764 997 1798 demonstret.
1034 1778 1093 1799 nec
1109 1769 1199 1800 enim
1216 1772 1374 1803 conuenit
1390 1771 1476 1804 duris
1492 1774 1528 1806 Sc
1543 1769 1736 1819 praefraffis,
1750 1774 1805 1808 vel

152 1778 198 1848 liii
215 1811 332 1847 furoris
348 1812 517 1846 flammam
535 1811 768 1846 iaculantibus:
788 1812 843 1846 scd
861 1815 917 1861 qui
934 1813 1056 1847 dociles
1074 1813 1105 1848 se
1122 1814 1286 1862 praebent,
1310 1830 1346 1851 ac
1366 1817 1508 1853 libenter
1531 1820 1562 1854 se
1582 1823 1662 1869 iugo
1681 1822 1803 1858 Christi

151 1860 326 1897 subiiciunt
343 1887 351 1894 .
390 1863 429 1895 Et
449 1862 604 1894 Fumandi
623 1860 725 1895 verbo
752 1862 908 1895 admonet
932 1874 998 1895 non
1024 1862 1194 1902 tenebras,
1220 1867 1272 1899 led
1290 1864 1460 1906 scintillas,
1481 1867 1611 1903 tametfi
1636 1882 1750 1906 tenues
1768 1874 1805 1907 <Sc

153 1908 384 1948 subobscuras‚
402 1908 445 1943 ali
466 1907 506 1942 ab
519 1908 587 1956 ipso
603 1922 640 1943 ac
657 1907 781 1944 foueri.
801 1908 864 1943 Vbi
877 1912 1170 1958 igiturperuicacia
1187 1916 1222 1947 ἅς
1240 1915 1488 1962 impietas,illic
1506 1917 1631 1952 summa
1647 1917 1803 1954 seuerita-

151 1970 185 1993 te
204 1960 367 2006 agendum
383 1957 446 1996 est,
461 1970 521 1991 nec
539 1956 607 1991 vllo
624 1959 726 1992 modo
741 1957 1003 2007 indulgendum:
1016 1959 1071 1994 vbi
1089 1961 1168 1995 vero
1184 1964 1332 2008 quaedam
1349 1967 1431 1998 vitia
1446 1978 1514 1999 non
1536 1966 1663 2014 prorsus
1682 1968 1801 2002 intole-

151 2006 267 2042 rabilia
281 2006 370 2045 sunt,
395 2018 507 2040 tamen
525 2006 587 2040 hac
612 2005 746 2041 lenitate
771 2007 909 2041 minimi³
924 2005 1048 2046 foueri,
1067 2007 1121 2043 sed
1137 2012 1256 2059 corrigi
1282 2024 1382 2060 atque
1409 2016 1578 2049 emendari
1596 2016 1708 2051 decet:
1723 2020 1799 2064 quia

149 2058 315 2104 praecipua
330 2054 458 2103 semper
475 2057 623 2088 veritatis
638 2078 648 2093 ‚
667 2056 707 2089 de
722 2068 787 2103 qua
801 2054 949 2102 'loquitur
961 2056 1134 2094 ‚habenda
1156 2062 1260 2099 ratio,
1278 2074 1320 2095 ne
1338 2064 1419 2096 vitia
1445 2075 1617 2111 tegantur,
1634 2075 1734 2113 atque
1753 2069 1798 2100 ita

148 2103 315 2139 occultam
339 2104 547 2151 putredinem
567 2104 765 2138 contrahant
779 2127 789 2142 ,
809 2102 863 2138 sed
885 2103 1008 2139 infirmi
1034 2105 1196 2154 paulatim
1218 2110 1258 2143 ad
1283 2109 1448 2154 synceram
1471 2113 1706 2147 testitudinem
1730 2111 1798 2148 for-

148 2163 296 2187 mentur.
334 2154 387 2187 De
404 2155 443 2186 iis
467 2164 547 2199 ergo
562 2149 615 2185 hic
641 2154 766 2200 agitur,
785 2150 904 2199 quibus
928 2153 1056 2188 tametsi
1080 2155 1221 2191 multum
1242 2156 1340 2196 defit,
1360 2161 1491 2208 integro
1514 2159 1588 2194 sunt
1605 2164 1717 2197 animo
1730 2186 1740 2200 ‚
1760 2166 1796 2197 Sc

147 2199 278 2236 studiosi
294 2199 366 2235 sunt
387 2213 470 2235 verae
489 2200 675 2248 religionis:
694 2207 729 2234 Vt
747 2199 862 2234 saltem
886 2201 1079 2236 inchoatum
1096 2206 1130 2236 in
1158 2206 1196 2238 iis
1215 2203 1294 2239 boni
1313 2206 1436 2253 aliquid
1456 2221 1625 2256 appareat.
1678 2211 1796 2258 Qam
1812 2217 1975 2256 Mat.12.39,

148 2253 238 2285 enim
255 2251 354 2284 durus
367 2253 401 2284 in
418 2261 662 2296 contemptores
678 2246 776 2283 fuerit
794 2249 959 2288 Christus,
980 2264 1018 2284 ex
1037 2252 1152 2286 multis
1168 2253 1327 2302 exemplis
1343 2255 1472 2291 abunde
1489 2269 1596 2305 patet.
1659 2261 1796 2308 Virgam
1812 2275 1850 2301 <5
1863 2275 1913 2298 22.
1928 2268 1974 2304 18,

148 2301 238 2333 enim
261 2295 400 2334 ferream
417 2301 548 2352 cogitur
563 2310 696 2332 exerere
717 2299 756 2332 ad
772 2300 1048 2333 comminuendos
1063 2313 1119 2333 eos
1148 2305 1204 2350 qui
1231 2301 1260 2336 se
1284 2303 1436 2350 pastorali
1455 2308 1522 2340 eius
1539 2308 1624 2354 pedo
1641 2311 1710 2357 tegi
1726 2321 1795 2343 non
1811 2319 1852 2345 (9·
1863 2324 1952 2360 ιςΛῙ,

145 2347 300 2382 sustinent
310 2373 318 2381 .
355 2348 546 2382 Namlrcuti
557 2347 633 2380 vere
645 2350 835 2394 pronuntiat
846 2346 1041 2382 voluntariis
1055 2349 1220 2397 discipulis
1237 2354 1350 2396 iugum
1367 2351 1457 2388 suum
1468 2353 1564 2389 suaue
1575 2355 1637 2392 eise
1647 2381 1656 2395 ‚
1669 2361 1795 2392 &onus

146 2393 492 2431 leue:itanonfrustra
509 2407 584 2430 eum
598 2394 724 2442 sceptro
737 2392 845 2446 ferreo
861 2408 966 2430 armat
984 2395 1101 2432 Dauid
1116 2397 1246 2434 Psalmo
1261 2397 1399 2437 secundo
1408 2404 1448 2437 ad
1464 2404 1570 2438 hostes
1588 2402 1796 2455 frangendos:
1812 2408 1949 2453 Pfhlao,

146 2448 183 2480 &
191 2442 320 2479 Psalmo
331 2457 341 2478 1
351 2458 395 2480 ιο.
405 2441 559 2493 sanguine
571 2445 739 2478 madidum
747 2446 818 2478 rore
833 2446 924 2479 dicit.
1812 2466 1850 2493 (θ’
1861 2465 1975 2509 ιιο.6.χ

193 2553 219 2584 4
278 2543 313 2578 N
339 2554 360 2576 o
387 2554 410 2575 Ν
476 2553 780 2581 οεειειετ,
834 2555 1019 2586 Nera
1074 2549 1460 2592 Parauaea-vn.)
1513 2545 1795 2601 Alluditadpro-

146 2593 274 2626 ximum
296 2589 444 2628 versum,
463 2593 497 2625 &
511 2588 684 2625 confirmat
704 2593 736 2626 id
760 2592 849 2638 quod
872 2595 959 2639 prius
977 2594 1103 2627 ditstum
1121 2594 1183 2628 est:
1202 2607 1331 2644 nempe,
1351 2597 1700 2645 Christum-placidum
1722 2605 1794 2650 qui-

148 2641 224 2674 dem
236 2643 271 2674 Sc
288 2639 396 2673 lenem
414 2637 484 2673 fore
501 2652 578 2687 erga
598 2639 834 2675 debilesmrhil
852 2652 961 2674 tamen
979 2653 1032 2675 aut
1046 2640 1286 2678 &foeminarum
1305 2657 1359 2679 aut
1376 2646 1478 2680 molle
1497 2646 1688 2685 habiturum
1701 2653 1795 2698 .quia

145 2689 339 2723 mandatum
366 2686 424 2722 sibi
449 2688 466 2722 a
483 2689 578 2722 Pati-c
600 2701 718 2735 munus
735 2689 826 2723 suu‘m
849 2689 988 2723 vii-iliter
1013 2702 1207 2738 exequetur.
1249 2695 1325 2727 Hoc
1350 2698 1440 2728 enim
1459 2694 1619 2743 fignificat
1654 2699 1729 2734 cum
1746 2702 1792 2734 ait

145 2749 213 2772 non
221 2734 426 2771 desc-&tutum
442 2763 449 2770 .
491 2737 603 2784 Atque
621 2739 654 2770 in
667 2739 730 2772 hoc
748 2738 851 2772 verbo
867 2749 937 2773 πῆς»
948 2762 957 2776 ,
970 2737 1083 2773 allusio
1099 2741 1143 2773 est
1155 2752 1230 2774 cum
1247 2745 1356 2789 priore
1365 2743 1473 2782 versu,
1485 2743 1538 2778 vbi
1550 2747 1591 2780 de
1607 2743 1794 2795 fumigante

146 2784 215 2819 lino
234 2784 388 2833 loquutus
407 2785 468 2819 est.
505 2786 657 2820 Ostendit
673 2798 783 2820 autem
801 2787 902 2834 qualis
921 2800 998 2821 vera
1014 2787 1052 2821 lit
1067 2789 1251 2823 moderatio
1263 2791 1735 2832 mansuetudinis,nedeclinet
1753 2797 1795 2831 ad

145 2832 594 2882 dissolutamindulgentiam.
608 2833 650 2868 fic
666 2838 757 2869 enim
773 2848 809 2870 ea
825 2837 981 2870 Vtendum
994 2836 1055 2875 est,
1071 2849 1111 2871 ne
1129 2835 1240 2872 officio
1258 2841 1369 2874 nostro
1385 2840 1540 2877 defimus.
1579 2844 1680 2878 Multi
1700 2844 1731 2879 se
1748 2843 1794 2878 le-

144 2883 257 2916 nitatis
269 2885 403 2916 nomine
419 2884 588 2917 venditare
602 2883 737 2923 volunt,
749 2895 783 2917 vt
797 2883 983 2932 plaulibiles
1000 2884 1062 2919 iim·
1078 2887 1202 2921 mundo
1216 2891 1253 2922 Sc
1271 2888 1418 2937 gratiosi:
1434 2889 1489 2925 sed
1505 2893 1637 2926 interim
1653 2895 1794 2940 turpiter

146 2942 183 2964 ac
208 2928 331 2964 nefarie
348 2934 523 2966 veritatem
542 2933 685 2979 produnt
700 2958 708 2966 .
745 2932 887 2968 Memini
904 2934 977 2969 cum
997 2936 1031 2968 in
1050 2933 1171 2969 celebri
1224 2939 1340 2972 undam
1366 2941 1500 2974 ciuitate
1516 2942 1585 2976 duo
1600 2940 1699 2976 ell'ent
1714 2953 1794 2975 con·-

144 2981 350 3017 cionatores,
371 2992 513 3026 quorum
529 2979 612 3014 alter
635 2980 761 3015 strenue
783 2995 820 3016 ac
844 2981 972 3017 fortiter
989 2985 1068 3018 vitia
1091 2982 1212 3020 insecta
1238 2998 1327 3022 atur:
1343 2987 1427 3022 alter
1451 2989 1531 3023 vero
1556 2987 1722 3023 blanditiis
1736 3002 1793 3024 au-

144 3039 217 3061 ram
246 3026 441 3077 popularem
469 3027 621 3078 captabat·
638 3044 646 3064 ι
667 3029 757 3065 hunc
784 3030 943 3066 blandum
968 3037 1026 3080 qui
1047 3035 1220 3071 Ieremiam
1245 3035 1440 3076 enarrabat,
1458 3037 1603 3073 incidisti:
1627 3036 1792 3074 inlocum

1521 3087 1565 3121 Η,
