2034 3392
89 1629 208 1677 2.Cor{3ss

88 1682 152 1719 das

252 146 327 197 24
670 76 884 198 'JQ
925 112 1334 197 JsAlAemt

262 216 393 252 obnoxii
405 222 491 247 erant
501 213 587 258 :quia
596 212 759 247 Dominus
767 210 912 245 consulto
924 221 957 245 vt
968 210 1123 259 suspensos
1131 220 1246 244 teneret
1254 234 1263 248 ,
1271 211 1363 244 variis
1372 209 1474 244 modis
1492 209 1724 259 expergefacere
1734 222 1788 246 eos
1805 223 1863 245 vo-

261 264 388 300 luit.Sed
398 262 486 295 huius
499 262 635 294 vaticinii
642 260 801 308 peculiaris
810 257 869 293 fuit
877 259 1175 306 circunstantiazquia
1184 271 1237 308 per
1245 271 1344 292 annos
1354 259 1594 307 quadringentos
1608 258 1656 292 vel
1666 260 1864 299 circiter,mil-

259 316 314 347 lies
324 311 492 346 exanimari
502 320 654 357 poterant,
665 308 719 342 nisi
728 309 758 340 in
772 318 909 341 mentem
921 305 1048 341 venisset
1057 308 1176 341 dierum
1185 307 1358 356 plenitudo,
1368 309 1402 340 in
1413 319 1474 352 qua
1486 307 1625 342 Eccleliae
1636 307 1822 342 restituenda
1833 321 1865 341 e-

259 372 306 395 rat
315 360 482 406 integritas.
495 359 578 406 Ergo
587 367 680 406 prout
689 358 777 390 variis
787 355 1021 404 tempestatibus
1030 353 1091 389 fere
1100 355 1242 390 subuersa
1252 354 1310 388 fuit
1322 355 1464 394 Ecclesia,
1474 356 1601 403 quisque
1611 355 1751 390 fidelium
1761 359 1793 390 in
1810 357 1866 390 suo

258 408 420 456 naufragio
434 418 548 441 vocem
557 407 637 440 hanc
645 405 737 439 instar
747 403 859 438 tabulae
870 406 995 451 arripuit
1003 426 1011 441 ,
1020 415 1084 449 qua
1093 405 1186 450 vsque
1193 405 1227 438 in
1236 414 1364 452 portum
1374 415 1511 438 enataret
1522 432 1528 437 .
1538 404 1728 438 Notandum
1746 406 1777 438 in
1783 416 1866 440 terea

258 458 321 497 est,
331 455 553 506 perfefflonem
560 455 678 489 dierum
685 455 727 487 ita
737 450 859 500 coepilse
868 452 886 486 a
897 452 1016 487 Christi
1028 452 1163 487 aduentu
1170 475 1180 492 ,
1191 463 1226 487 vt
1235 454 1387 487 continua
1397 462 1502 486 tamen
1514 454 1586 487 serie
1594 453 1669 487 fluat
1680 454 1776 500 vsque
1790 454 1867 488 dum

259 508 359 541 rursus
372 514 518 553 appareat
528 505 560 536 in
571 502 700 537 salutem
714 501 860 535 nostram.
1365 512 1367 517 ν

305 568 326 589 ν
339 567 360 588 τ
397 567 409 587 s
423 565 443 586 τ
462 566 481 585 A
498 565 519 587 τ
536 564 555 585 ν
573 565 591 585 Α
609 564 630 585 τ
649 562 669 584 v
690 554 741 590 R.)
795 548 874 582 Hsec
886 548 962 583 visio
971 550 1004 583 in
1015 549 1148 597 speciem
1159 548 1285 584 ridicula
1295 550 1391 583 videri
1403 551 1578 598 potuitznon
1591 549 1691 584 modo
1701 551 1772 594 quia
1788 549 1867 583 Sion

257 603 415 637 colliculus
426 600 483 635 fuit
490 600 573 634 haud
582 600 641 633 alte
650 600 801 635 eminens,
811 610 846 643 aq
855 597 945 642 fiquis
955 597 1121 645 pauxillum
1131 598 1259 645 pulueris
1269 611 1338 632 cum
1351 597 1529 646 ingentibus
1539 598 1698 632 montibus
1713 598 1869 631 contulis-

257 652 363 686 set:sed
373 652 445 696 quia
453 650 546 697 paulo
556 647 626 681 ante
637 648 675 680 de
685 648 747 679 eius
759 648 845 680 ruina
857 648 1060 679 concionatus
1070 644 1168 679 fuerat
1179 673 1185 679 .
1196 647 1380 692 Qomodo
1390 647 1478 694 igitur
1486 645 1636 680 credibile
1647 657 1712 680 erat
1723 656 1868 679 montem

258 701 335 735 Sion
346 723 354 737 ,
364 700 452 732 omni
464 698 614 745 dignitate
623 691 728 729 amissa
737 719 745 734 ‚
757 696 854 728 rursus
866 692 934 727 fore
945 703 1033 728 tanto
1043 694 1202 741 splendore
1212 696 1367 733 nobilem,
1379 706 1413 729 vt
1424 696 1578 729 Gentium
1591 708 1646 729 om
1652 697 1736 728 nium
1754 695 1869 728 oculos

260 752 293 783 in
302 749 332 782 se
340 750 546 781 conuerteret?
557 742 687 777 Perinde
698 754 803 777 tamen
814 742 978 779 extollitur,
990 741 1048 775 acsi
1057 741 1136 775 foret
1145 744 1292 792 Olympo
1303 743 1418 777 celsior.
1429 743 1556 780 labieno
1565 755 1599 777 vt
1608 744 1768 778 voluerint
1778 743 1872 777 Gen·

261 809 317 835 tes,
328 798 396 830 suos
428 794 564 828 raecelsos
574 802 707 826 montes.-
716 791 793 825 nihil
804 793 889 825 enim
899 790 994 825 futuri
1003 790 1062 824 sint
1071 791 1197 839 pratisto
1207 793 1298 829 colle,
1307 795 1435 837 quanuis
1451 791 1574 826 abieeto
1585 797 1616 826 &
1626 791 1736 826 humili
1748 815 1756 830 ,
1765 792 1871 838 inquit

263 847 368 880 Isaias.
387 807 462 876 l-loc
471 841 552 876 certe
569 841 736 875 secundum
747 850 888 874 naturam
907 839 1069 873 verisimile
1079 852 1144 874 non
1155 850 1232 874 erat.
1255 841 1367 886 Qid?
1381 853 1417 874 an
1435 842 1511 875 Sion
1523 841 1722 889 suspendetur
1736 841 1768 873 in
1780 839 1871 873 nubi-

265 894 323 928 bus
332 899 345 926 ἲ
355 892 492 937 ideoque
506 889 546 924 ab
558 891 661 938 impiis
674 890 736 923 hoc
752 889 883 922 derisum
895 887 979 922 fuiffe
990 887 1121 922 dubium
1138 901 1204 922 non
1216 889 1259 922 est
1270 890 1411 934 :quando
1425 888 1542 937 semper
1557 902 1661 937 patara
1670 889 1713 922 est
1730 891 1872 937 impietas

266 942 306 976 ad
316 940 532 974 lasciuiendum
542 938 680 972 aduersus
692 938 800 970 Deum
810 963 817 970 .
839 938 904 971 Iam
915 937 1130 971 circunstantia
1141 950 1234 983 quam
1243 939 1335 984 attigi,
1344 937 1438 971 fidem
1451 937 1621 985 abrogabat
1630 939 1789 972 vaticinio
1802 937 1873 981 Qui

266 991 351 1036 enim
361 1011 371 1026 ‚
380 988 544 1036 postquam
554 986 653 1020 exciso
665 985 785 1034 templo
800 998 871 1020 cum
889 986 1013 1020 summo
1023 986 1175 1019 dedecore
1194 988 1374 1021 conciderat
1384 1010 1391 1024 ,
1400 997 1462 1020 tarn
1480 997 1603 1035 repente
1620 987 1741 1034 surgere
1756 987 1873 1034 potuit?

265 1040 346 1074 Non
360 1038 402 1070 est
412 1047 517 1070 tamen
527 1034 632 1068 frustra
643 1035 819 1068 vaticinatus
837 1034 922 1068 Isaias
935 1062 939 1067 .
952 1034 1015 1067 Hic
1025 1035 1108 1067 enim
1116 1035 1203 1069 collis
1213 1036 1338 1069 tandem
1348 1036 1435 1083 supra
1448 1047 1559 1069 omnes
1577 1045 1702 1069 montes
1721 1035 1792 1069 vere
1803 1046 1874 1068 eue.

267 1089 331 1121 <stus
341 1086 383 1119 est
393 1085 560 1130 :quoniam
577 1083 651 1116 inde
660 1084 759 1117 audita
769 1083 811 1116 est
820 1096 882 1117 vox
891 1084 1045 1121 Domini,
1054 1095 1089 1116 ac
1098 1095 1152 1131 per
1167 1094 1271 1118 totum
1280 1084 1393 1118 orbem
1402 1085 1545 1118 detonuit
1553 1107 1561 1122 ,
1573 1096 1641 1130 quae
1651 1095 1708 1118 nos
1720 1085 1752 1118 in
1763 1083 1875 1118 caelum

268 1135 365 1181 vsque
375 1134 521 1180 erigeret:
537 1133 609 1166 hinc
617 1130 862 1166 refulfitcaelestis
873 1132 939 1165 Dei
950 1131 1090 1165 maiestas
1101 1145 1109 1164 :
1121 1132 1254 1177 denique
1271 1144 1368 1178 quum
1379 1131 1451 1166 esset
1466 1132 1528 1166 Dei
1537 1132 1701 1167 sacrarium
1710 1155 1719 1171 ,
1733 1132 1877 1179 praestan-

269 1186 320 1219 tiae
330 1183 490 1216 altitudine
501 1192 604 1214 totum
615 1181 765 1214 mundum
775 1181 928 1228 superauit
939 1180 1009 1216 ,Est
1018 1190 1121 1213 autem
1130 1182 1286 1214 notandus
1297 1179 1474 1228 Prophetiae
1485 1180 1553 1215 vsus
1564 1180 1667 1227 :quod
1675 1181 1788 1215 scilicet
1797 1192 1877 1213 con-

269 1233 454 1267 solationem
474 1227 577 1264 afferre
586 1229 685 1264 voluit
702 1230 805 1267 Isaias,
819 1241 887 1274 qua:
902 1231 933 1263 in
945 1229 1123 1277 captiuitate
1133 1230 1255 1278 ,populi
1271 1232 1396 1263 animos
1416 1227 1554 1263 fulciret:
1569 1240 1604 1263 vt
1614 1231 1744 1275 quanuis
1758 1229 1878 1263 nullum

269 1291 386 1316 extaret
396 1280 545 1326 ternplum
555 1302 563 1317 ,
578 1278 662 1312 nulla
671 1277 812 1312 sacrificia
820 1277 929 1312 fierent
937 1279 1052 1317 ‚diruta
1060 1278 1192 1312 iacerent
1201 1280 1325 1317 omnia,
1337 1280 1452 1326 vigeret
1461 1290 1563 1313 tamen
1576 1277 1640 1326 spes
1650 1278 1706 1312 ista
1716 1279 1749 1311 in
1765 1278 1880 1311 animis

270 1331 410 1378 piorum:
422 1338 515 1373 atque
527 1329 559 1361 in
567 1338 652 1361 tanta
662 1327 801 1361 vastitate
812 1351 820 1365 ,
830 1325 957 1373 tamque
965 1325 1156 1361 deformibus
1172 1329 1266 1360 ruinis
1277 1328 1344 1361 haec
1354 1330 1463 1360 animo
1474 1329 1674 1375 conciperent
1683 1327 1795 1360 :Mons
1811 1327 1881 1372 qui-

271 1380 344 1412 dem
355 1378 495 1412 Domini
504 1378 634 1411 desertus
645 1376 752 1414 est‚sed
760 1376 862 1410 adhuc
872 1378 904 1409 in
913 1388 948 1409 ea
958 1376 1060 1409 sedem
1072 1374 1375 1421 habebitzmai'orque
1384 1377 1436 1409 erit
1446 1377 1533 1410 huius
1545 1377 1662 1410 montis
1673 1374 1880 1422 gloria‚quam

271 1437 454 1462 caeterorum
463 1427 608 1459 omnium
620 1452 626 1458 .
636 1425 690 1459 Ne
702 1436 778 1472 ergo
786 1425 817 1458 id
829 1424 965 1458 fututum
975 1423 1161 1462 dubitarent,
1171 1423 1333 1472 Propheta
1343 1425 1413 1472 ipsis
1422 1424 1508 1458 velut
1520 1424 1659 1458 tabulam
1668 1425 1718 1458 hic
1730 1423 1882 1472 depinxit,

271 1478 305 1511 in
316 1487 377 1522 qua
387 1476 452 1509 Dei
462 1475 595 1521 gloriam
605 1475 803 1507 intuerentur.
821 1472 908 1507 Nam
919 1472 972 1507 etsi
982 1485 1072 1507 mons
1082 1472 1212 1512 extabat,
1223 1472 1281 1507 fuit
1293 1484 1396 1507 tamen
1406 1472 1490 1507 foeda
1500 1473 1665 1507 solitudine
1676 1472 1739 1507 fere
1748 1471 1882 1506 detesta-

273 1524 525 1572 bilis,postquam
537 1522 555 1556 a
565 1523 642 1556 Deo
651 1522 795 1559 desertus,
806 1521 950 1555 decorem
962 1523 1049 1555 suum
1059 1522 1240 1570 perdiderat.
1256 1520 1329 1556 Pios
1340 1532 1440 1556 autem
1451 1534 1518 1556 non
1527 1523 1624 1556 ruinas
1634 1522 1709 1560 illas,
1721 1521 1772 1554 sed
1790 1519 1884 1555 visio-

274 1585 347 1608 nem
357 1574 433 1606 hanc
442 1572 520 1621 spe&
526 1583 575 1605 are
584 1569 766 1619 oportebat.
782 1569 887 1604 Porro
898 1583 949 1605 cur
959 1580 1024 1604 tam
1035 1569 1201 1617 magnifice
1211 1570 1356 1616 loquatur
1364 1572 1402 1604 de
1411 1571 1597 1605 exaltatione
1608 1572 1726 1604 montis
1735 1568 1811 1604 Sion
1820 1593 1829 1608 ,
1837 1569 1883 1603 sa-

275 1624 314 1658 tis
327 1631 451 1671 apparet
461 1633 496 1655 ex
507 1617 866 1666 sequentibuszquoniam
876 1620 960 1654 illinc
971 1621 1112 1653 manauit
1120 1619 1367 1667 Euangelium‚in
1376 1631 1440 1665 quo
1449 1618 1580 1668 refulget
1590 1621 1696 1666 imago
1705 1618 1777 1652 Dei.
1784 1617 1883 1652 Mon-

277 1682 323 1707 tes
332 1673 417 1705 enim
427 1669 476 1704 alii
493 1678 637 1718 poterant
646 1667 805 1702 altitudine
814 1669 953 1716 superare
967 1668 1034 1702 :sed
1045 1669 1116 1716 quia
1124 1667 1223 1716 gloria
1232 1668 1298 1702 Dei
1308 1669 1486 1714 praeeminet
1496 1690 1504 1704 ‚
1513 1678 1658 1701 montem
1668 1668 1763 1702 etiam
1775 1668 1807 1701 in
1819 1677 1885 1713 quo

277 1719 533 1770 patefit,eminere
542 1713 659 1751 necesse
667 1716 870 1751 est-Montem
882 1729 957 1766 ergo
969 1718 1044 1753 Sion
1054 1729 1107 1766 per
1117 1718 1146 1751 se
1154 1728 1221 1750 non
1231 1717 1435 1765 praedicat‚sed
1445 1729 1518 1752 cum
1527 1717 1582 1751 suo
1591 1727 1779 1762 ornatuzquo
1788 1717 1885 1749 etiam

277 1769 441 1817 yniuersus
450 1766 533 1800 orbis
542 1765 736 1800 illustrandus
747 1775 820 1800 erat.

324 1830 339 1863 3
389 1829 406 1850 E
421 1828 442 1850 τ
486 1828 505 1849 ν
522 1828 539 1848 ε
554 1827 576 1849 Ν
594 1826 603 1847 1
622 1827 639 1848 E
656 1826 677 1848 Ν
693 1827 715 1848 τ
759 1828 773 1848 P
790 1827 812 1849 o
829 1828 845 1850 i>
862 1829 883 1849 v
900 1828 918 1849 L
938 1819 984 1858 i.)
1027 1813 1179 1850 Proximo
1189 1815 1276 1849 versu
1284 1813 1419 1849 breuiter
1427 1816 1584 1861 attigerat,
1599 1815 1680 1849 vnde
1691 1824 1776 1848 tanta
1786 1814 1886 1847 monti

280 1869 359 1903 Sion
370 1863 515 1900 nobilitas
524 1888 533 1903 ,
543 1862 632 1911 quod
639 1863 751 1898 scilicet
758 1862 877 1898 futurus
889 1862 962 1898 effer
971 1865 1008 1898 ad
1018 1877 1088 1898 eum
1100 1865 1262 1898 concursus
1272 1864 1417 1897 oninium
1429 1864 1581 1898 Gentium
1592 1888 1601 1902 ,
1610 1863 1668 1897 acsi
1678 1862 1765 1897 fluuii
1775 1873 1889 1910 magna

278 1926 427 1962 aquarum
437 1915 526 1962 copia
535 1914 822 1947 decurrerent-‚nunc
832 1914 915 1946 idem
926 1914 1046 1961 plenius
1056 1913 1190 1947 declarat
1200 1911 1261 1946 fine
1272 1912 1503 1956 additoQuaeri
1514 1914 1595 1945 enim
1607 1911 1888 1960 poterat‚quorsum

279 1964 437 1999 turmatim
449 1975 486 1996 ex
497 1963 583 1996 terris
593 1961 773 2008 longinquis
782 1961 854 1996 illuc
863 1960 1058 1996 confluerent
1067 1960 1173 1995 diuersi
1183 1961 1287 2008 populi
1298 1961 1383 1994 :dicit
1391 1973 1466 2008 ergo
1475 1960 1607 1994 studium
1619 1961 1684 1994 Dei
1694 1959 1818 1994 colendi
1826 1959 1887 1992 illis

279 2014 311 2047 in
322 2012 410 2047 causa
418 2010 483 2045 fore
490 2010 609 2045 ,Subest
619 2021 722 2044 autem
730 2011 763 2043 in
773 2021 853 2043 voce
865 2009 1190 2055 mamantithefisquia
1200 2008 1348 2055 fignificat
1359 2021 1424 2042 non
1436 2021 1531 2043 vnam
1544 2008 1666 2043 tantum
1679 2007 1748 2043 fore
1758 2018 1890 2055 gentem

279 2073 314 2096 vt
324 2062 482 2107 olim,quae
492 2071 567 2093 vero
576 2059 653 2092 Deo
663 2059 797 2093 colendo
807 2059 836 2092 se
845 2059 1025 2095 addicat‚sed
1037 2060 1087 2105 qui
1098 2058 1218 2106 prorsus
1229 2057 1320 2090 alieni
1332 2056 1440 2096 fuerat,
1451 2068 1598 2092 venturos
1609 2058 1639 2091 in
1649 2058 1784 2091 eundem
1797 2055 1890 2089 Reli-

280 2111 383 2158 gionis
393 2108 506 2143 consen
512 2107 644 2141 sum.acfi
654 2108 977 2154 diceretzvndiquaque
988 2107 1198 2155 colligendam
1207 2104 1266 2139 effe
1276 2105 1456 2145 Ecclesiam,
1465 2118 1532 2152 quae
1541 2109 1622 2155 prius
1632 2106 1717 2140 velut
1728 2108 1761 2140 in
1773 2105 1891 2153 angulo

282 2157 426 2194 conclusa
435 2156 653 2202 fuerat.ltaque
664 2155 855 2203 Multos,pro
865 2155 1006 2190 Diuerfis
1018 2157 1202 2204 posuit2quia
1212 2156 1294 2189 haud
1306 2154 1397 2188 dubie
1409 2165 1574 2189 extenuare
1584 2155 1685 2189 noluit
1698 2154 1782 2201 quod
1792 2165 1891 2201 nuper

282 2210 397 2243 dixerat
407 2207 445 2241 de
456 2206 569 2240 cunetis
580 2204 731 2252 gentibus.
744 2204 916 2243 Caeterum,
926 2206 1056 2250 quanuis
1067 2216 1224 2249 nunquam
1238 2204 1299 2238 hoc
1308 2204 1471 2251 impletum
1482 2202 1580 2243 fucrit,
1586 2214 1618 2237 vt
1633 2205 1728 2237 totius
1739 2201 1823 2236 orbis
1833 2214 1892 2249 po-

283 2257 349 2305 puli
359 2255 459 2290 reliEta
469 2254 593 2300 quisque
604 2255 710 2302 patria,
721 2255 752 2286 in
760 2252 893 2287 {udaeam
903 2253 1118 2287 concederent:
1128 2255 1201 2298 quia
1212 2263 1316 2286 tamen
1326 2251 1488 2298 Euangelii
1501 2252 1653 2287 doetrina,
1663 2264 1723 2297 qua
1733 2250 1788 2284 fibi
1798 2251 1891 2284 Deus

282 2305 452 2341 Ecclesiam
461 2303 586 2351 collegit
596 2301 769 2351 promiscue
778 2313 814 2335 ex
823 2311 895 2336 toto
904 2302 1151 2349 mundo,prodiit
1161 2314 1197 2335 ex
1204 2311 1314 2334 monte
1324 2299 1524 2338 Sion,merito
1533 2300 1604 2333 illuc
1616 2311 1764 2334 venturos
1775 2297 1835 2333 effe
1843 2299 1889 2332 di-

284 2356 392 2400 cit,qui
402 2366 467 2388 vno
473 2351 544 2386 fidei
551 2350 698 2385 consensu
708 2349 806 2384 foedus
813 2360 931 2388 aeternae
945 2350 1044 2384 salutis
1054 2349 1196 2397 amplexi,
1208 2349 1388 2383 coaluerunt
1396 2351 1427 2381 in
1436 2361 1530 2382 vnam
1542 2349 1725 2383 Ecclesiam.
1737 2347 1892 2382 Tenenda

286 2403 329 2438 est
338 2404 430 2437 etiam
440 2401 668 2448 analogiainter
676 2398 785 2446 legales
796 2398 917 2445 figuras,
927 2397 1151 2445 &spiritualem
1166 2398 1294 2435 cultum,
1307 2398 1402 2444 qualis
1413 2395 1470 2430 effe
1479 2399 1575 2445 coepit
1585 2397 1602 2430 a
1613 2397 1732 2431 Christi
1741 2397 1890 2431 aduentu.

338 2464 356 2486 E
376 2464 397 2486 T
432 2463 454 2485 D
475 2464 485 2484 1
508 2461 524 2482 c
543 2461 560 2482 a
575 2460 597 2482 Ν
613 2461 634 2482 τ
643 2471 652 2487 ,
688 2461 708 2481 ν
724 2460 742 2482 ε
761 2460 783 2482 Ν
800 2458 810 2479 1
830 2459 850 2481 τ
871 2461 900 2482 E.
913 2450 925 2489 )
969 2447 1027 2481 His
1043 2445 1143 2480 verbis
1153 2446 1286 2495 primum
1295 2448 1438 2494 exprimit
1446 2455 1536 2479 tanto
1546 2446 1633 2480 studii
1650 2446 1762 2484 ardore
1781 2445 1894 2494 praedi-

287 2512 337 2536 tos
348 2499 414 2534 fore
423 2500 491 2548 pios
501 2497 539 2531 ad
549 2497 782 2545 propagandam
793 2497 912 2544 pietatis
921 2496 1104 2532 dofflinam,
1115 2506 1151 2529 vt
1159 2498 1211 2529 sua
1219 2496 1347 2540 quisque
1360 2496 1527 2531 vocatione
1536 2498 1567 2528 ἀ
1575 2495 1695 2542 priuata
1705 2496 1815 2528 notitia
1824 2505 1892 2527 non

288 2547 543 2585 contentus‚alios
554 2546 654 2579 secum
664 2546 782 2579 trahere
790 2545 965 2592 appetat.Et
977 2544 1058 2579 certe
1068 2544 1145 2578 nihil
1154 2543 1171 2578 a
1180 2543 1251 2578 fidei
1261 2554 1370 2577 natura
1380 2545 1478 2591 tnagis
1488 2553 1645 2576 remotum
1655 2544 1718 2577 hoc
1727 2540 1893 2591 torpore,st

291 2599 418 2644 quisque
428 2593 606 2645 posthabita
617 2593 742 2628 fratrum
753 2605 835 2630 cura,
848 2593 952 2627 lumen
963 2593 1093 2627 scientiae
1103 2595 1184 2626 intus
1193 2590 1375 2626 suffocatum
1386 2601 1520 2640 premat.
1540 2592 1578 2625 Et
1588 2601 1623 2625 vt
1632 2592 1759 2637 quisque
1769 2592 1852 2639 prior
1860 2602 1894 2624 a-

290 2648 336 2681 liis
344 2656 473 2682 vocatus
482 2643 534 2682 est,
542 2645 584 2677 ita
595 2642 702 2677 sedulo
711 2641 891 2676 incumbere
900 2641 1001 2679 debet,
1015 2653 1047 2676 vt
1056 2642 1120 2676 aliis
1130 2641 1298 2689 praeluceat.
1308 2642 1416 2687 Atque
1423 2641 1488 2675 haec
1497 2640 1650 2673 ordinaria
1659 2640 1701 2673 est
1709 2639 1897 2686 colligendae

291 2694 434 2729 Ecclefiae
445 2694 649 2740 rati0,nempe
659 2704 711 2740 per
719 2701 875 2725 externam
886 2690 1051 2724 hominum
1061 2702 1172 2724 vocem
1184 2689 1263 2723 .Etfi
1273 2689 1357 2723 enim
1367 2689 1500 2735 singulos
1509 2686 1608 2736 posset
1620 2689 1710 2722 Deus
1727 2699 1839 2722 arcano
1848 2686 1893 2721 af-

290 2744 365 2779 flatu
376 2743 525 2777 adducere
534 2764 543 2779 ‚
556 2741 699 2774 homines
709 2750 814 2774 tamen
828 2738 956 2773 adhibet
963 2739 1117 2773 ministros
1127 2763 1135 2776 ‚
1145 2749 1178 2773 vt
1188 2750 1241 2772 eos
1256 2740 1288 2772 in
1298 2738 1491 2772 solicitudine
1509 2747 1623 2771 mutuae
1633 2735 1733 2771 salutis
1745 2745 1891 2771 exerceat.

290 2793 366 2827 Hoc
376 2792 468 2825 etiam
481 2790 579 2823 modo
590 2789 735 2823 conciliat
743 2800 795 2821 eos
807 2788 916 2822 melius
924 2790 1005 2821 inter
1013 2787 1041 2821 se
1049 2809 1058 2823 ‚
1069 2792 1099 2822 ἀ
1109 2790 1350 2835 experimentum
1360 2786 1523 2820 docilitatis
1533 2789 1614 2833 capit
1622 2809 1630 2822 ‚
1638 2786 1712 2819 dum
1721 2786 1771 2819 alii
1782 2784 1822 2818 ab
1830 2784 1893 2818 aliis

292 2855 324 2876 re
348 2840 508 2874 isustinent
521 2865 526 2870 .
538 2838 664 2872 Deinde
673 2837 807 2871 ostendit
817 2837 904 2870 Isaias
914 2860 923 2875 ,
932 2837 1108 2883 quicunque
1118 2836 1251 2870 docendi
1264 2839 1295 2869 δι
1305 2835 1486 2870 exhortandi
1497 2846 1596 2883 partes
1607 2833 1663 2867 fibi
1673 2834 1814 2871 sumunt,
1825 2844 1892 2866 non

293 2854 405 2924 deiere
415 2888 550 2921 sedendo
558 2886 621 2919 aliis
631 2886 801 2934 praecipere,
812 2888 886 2930 quin
896 2886 925 2918 se
934 2885 1106 2930 adiungant
1114 2883 1201 2918 fimul
1209 2884 1352 2922 comites,
1362 2894 1395 2917 vt
1405 2886 1563 2917 vnanimes
1573 2881 1744 2916 ambulent:
1752 2881 1838 2916 sicuti
1849 2882 1893 2916 vi-

295 2940 403 2973 demus
410 2936 559 2982 quosdam
570 2935 771 2968 seuerissimos
782 2933 841 2967 effe
850 2933 1054 2980 magistros,&
1065 2934 1202 2967 strenuos
1211 2932 1456 2980 impulsores‚qui
1467 2943 1570 2966 tamen
1580 2934 1694 2964 interea
1703 2932 1813 2978 pedem
1824 2942 1892 2964 non

295 2996 433 3022 mouent.
444 2984 546 3030 Atqui
557 2983 606 3016 hic
619 2995 682 3017 non
694 2984 846 3030 imperant
854 2981 957 3015 fideles
967 2980 1299 3020 fratribus‚Ascendite:
1308 2982 1380 3025 quin
1391 2983 1494 3028 potius
1505 2982 1585 3014 viani
1594 2980 1828 3027 praemonstrant
1838 2980 1893 3012 suo

295 3036 449 3082 exemplo.
461 3033 571 3077 Qare
582 3032 646 3064 haec
657 3043 727 3064 vera
737 3031 852 3064 Vtiliter
862 3031 994 3064 docendi
1002 3033 1080 3064 ratio
1091 3030 1145 3067 est,
1154 3030 1227 3063 dum
1235 3030 1334 3078 reipsa
1342 3029 1512 3078 praestando
1525 3029 1610 3076 quod
1620 3029 1780 3076 exigimus,
1788 3025 1893 3076 paldm

297 3086 424 3119 facimus
434 3093 491 3115 nos
502 3080 580 3114 serio
593 3083 623 3113 δι
632 3079 744 3114 sincere
756 3079 853 3126 loqui.

347 3144 357 3165 ι
371 3145 391 3167 Ν
400 3145 412 3166 s
421 3144 441 3166 T
456 3145 465 3166 i
479 3142 498 3164 τ
510 3142 527 3163 ν
536 3141 553 3163 Ε
563 3142 584 3164 τ
621 3141 642 3164 Ν
652 3140 673 3163 0
683 3141 697 3163 s
732 3141 742 3163 1
753 3140 774 3162 Ν
812 3141 830 3162 ν
843 3140 853 3161 1
866 3139 876 3162 1
886 3141 899 3162 s
925 3127 946 3176 [s
958 3131 1044 3171 Vis.)
1068 3126 1180 3163 Primo
1189 3126 1325 3162 ostendit
1333 3138 1399 3162 non
1407 3126 1462 3161 rite
1473 3126 1718 3169 coliDeum,nifi
1730 3125 1892 3174 praeluceat

1740 3174 1892 3209 doetrina.
