2034 3392
450 0 862 62 ‘CAPVT
926 8 1321 73 XXXVII.
1663 34 1762 83 315

124 104 241 150 &quia
257 98 384 135 satisest
393 101 512 133 virium
525 98 602 132 Deo
623 99 663 132 ad
683 97 858 132 mortalem
873 96 1047 132 hominem
1066 111 1100 132 re
1124 101 1311 135 timendum
1329 124 1338 139 ,
1354 103 1387 134 in
1405 114 1479 136 eum
1502 103 1615 139 oculos
1630 107 1758 142 nostros

122 160 316 186 conuertere
332 159 466 195 oportet
475 173 483 182 .
497 149 568 182 Nec
577 149 668 180 enim
680 147 719 180 ad
731 157 860 194 tempus
875 143 957 179 illud
971 111 1136 193 promfflfl'o
1146 148 1213 182 haec
1223 148 1444 197 restringenda
1453 151 1497 184 cst
1505 174 1515 189 ‚
1527 151 1580 186 sed
1591 155 1630 188 ad
1643 160 1758 190 omnia

119 199 248 234 extendi
257 195 358 231 debet
367 222 374 230 .
384 200 585 243 Qanquam
596 193 724 242 plenior
733 194 777 228 est
790 194 915 228 locutio
927 195 1106 242 Prophetae‚
1118 199 1152 230 &
1169 194 1292 231 sensum
1301 197 1488 236 vberiorem
1498 205 1657 236 continet.
1671 201 1756 239 affira

119 259 188 282 mat
199 249 287 280 enim
298 248 386 280 Deus
396 244 426 279 se
434 242 596 292 praefidem
607 241 678 277 forc
687 246 722 277 ἃ
732 242 898 277 custodem
908 241 1083 291 vrbiszquia
1091 241 1213 278 scilicet
1223 244 1273 279 sua
1281 246 1343 280 fide
1353 249 1508 281 tuendam
1518 247 1755 298 susceperat.Ex

120 309 160 330 eo
168 294 297 342 colligit
307 292 427 328 saluam
439 290 602 339 fore‚quia
614 302 702 325 certa
713 290 794 325 {itin
807 289 864 325 suo
877 290 1022 338 praelidio
1031 291 1187 326 salus.hoc
1200 294 1277 327 verb
1289 294 1320 328 sc
1330 293 1491 330 fasturum
1502 297 1612 332 dicens
1636 313 1651 334 Ρ
1675 313 1698 336 rt
1716 315 1755 335 o—

124 358 141 378 ι»
153 357 175 378 τ
191 357 207 378 ε
221 356 239 377 R
257 342 477 380 &Ezechiam
488 343 521 374 &
532 342 602 387 pios
612 352 727 373 omnes
735 341 775 374 ad
784 342 981 374 memoriam
993 343 1128 388 gratuiti
1138 337 1270 376 foederis
1286 355 1428 378 reuocat.
1440 346 1528 379 Nam
1540 347 1634 381 iudsci
1647 348 1754 396 saepius

115 394 239 427 duriter
249 390 422 438 seuereque
432 387 780 433 obiurgatuobstinate
791 391 872 421 iram
885 388 950 422 Dei
962 388 1033 423 inse
1042 402 1314 437 prouocauerant.
1326 391 1468 439 Ideoque
1477 406 1542 427 non
1552 396 1652 429 modo
1666 399 1756 443 digni

115 438 208 474 erant
218 452 300 486 quos
308 440 397 473 omni
407 450 470 484 ope
479 430 734 474 destituere-used
747 439 780 469 in
790 448 873 483 quos
882 449 1029 472 extrema
1036 440 1147 472 ederet
1161 438 1328 473 horribilis
1340 441 1488 475 vindicta*
1497 443 1657 490 exempla.
1671 435 1755 493 Ergo

116 501 151 523 vt
168 487 385 531 desperationi
401 497 567 523 occurrat,
580 488 689 519 Deum
705 484 769 518 illis
781 484 1009 520 auxiliatorem
1028 485 1100 521 fore
1109 488 1208 521 docet
1219 501 1300 522 :non
1309 490 1386 536 quia
1396 491 1430 522 in
1442 488 1513 536 iplis
1528 495 1669 538 reperiat
1680 507 1753 527 cau-

116 537 182 573 sam
191 560 200 575 ‚
212 535 266 570 sed
276 538 352 583 quia
362 535 391 569 se
401 534 502 582 ipsum
515 537 624 582 potius
633 532 780 581 respiciet
789 559 796 566 .
809 534 951 580 primum
963 547 998 568 vr
1009 535 1120 569 firmus
1130 549 1261 570 maneat
1271 540 1304 570 in
1314 536 1490 585 propolim,
1502 551 1543 572 ne
1553 539 1689 575 abiiciat
1699 555 1756 589 ge-

113 599 172 620 nus
183 584 326 618 Abrahae
334 584 422 631 quod
432 584 602 630 adoptauit
611 607 620 620 ‚
632 595 672 616 ne
682 584 812 630 pietatis
824 582 949 617 cultum
958 582 1088 618 aboleat
1097 607 1107 622 ‚
1118 597 1158 618 ne
1168 585 1312 619 Sacrario
1320 585 1432 621 deleto
1444 590 1613 636 extinguat
1625 591 1657 622 in
1666 602 1752 625 terra

111 636 256 667 nominis
269 631 312 666 sui
324 634 520 667 memoriam
530 643 537 662 :
547 632 668 666 deinde
680 643 721 664 ne
729 632 887 665 Gentium
898 631 1002 665 sannis
1012 636 1046 667 &
1055 632 1240 680 opprobriis
1249 646 1388 681 exponat
1398 648 1521 669 nomen
1535 637 1754 686 suum.Atque

114 681 169 717 hic
182 685 371 716 continetur
380 683 480 715 tacita
488 678 700 727 exprobratio
709 692 772 726 qua
787 680 908 714 merito
918 680 1056 728 populus
1065 683 1227 729 vrgendus
1235 694 1303 716 crat
1311 709 1318 715 .
1331 683 1402 717 Plus
1411 687 1500 719 enim
1510 689 1635 734 negotii
1644 684 1752 722 fuerat

115 734 171 773 pio
182 732 268 775 Regi
278 732 310 764 in
322 743 361 764 co
393 729 546 766 lacando,
563 730 663 775 quam
675 731 706 761 in
718 730 859 762 arcendo
869 728 962 762 hoste
971 755 978 762 .
989 727 1172 764 Diffidebat
1182 733 1283 768 enim,
1293 732 1567 773 tumultuabatur,
1581 748 1639 770 nec
1649 735 1749 770 vllam

111 779 220 813 salutis
231 773 317 826 spem
336 743 495 825 reliquam
506 775 567 811 eise
579 775 782 810 eicistimabat
793 803 801 810 .
814 779 900 825 Ergo
916 781 1034 812 merita
1050 778 1161 826 populi
1172 790 1227 814 aut
1236 778 1372 814 alterius
1381 793 1447 814 non
1458 782 1620 829 spectabat
1632 787 1751 819 Domi-

110 841 180 866 nus,
194 828 244 862 sed
255 827 368 875 gloria:
381 826 613 860 tantummodo
624 825 685 860 suae
695 837 856 860 rationem
866 825 1013 860 habebat
1023 852 1030 860 .
1044 829 1132 861 Nam
1141 826 1360 863 subaudienda
1369 829 1413 863 est
1423 842 1494 877 qus:
1502 835 1585 879 apud
1600 835 1752 868 Ezechie-
1766 836 1883 881 Ezffi36
1897 846 1931 867 22

109 876 175 910 lem
184 879 378 923 exprimitur
395 874 562 909 antithelis
573 898 582 912 ‚
595 877 672 909 Non
692 886 826 922 propter
843 887 901 907 vos
921 876 1038 909 domus
1053 874 1146 910 Israel
1157 876 1220 909 hoc
1235 875 1363 915 faciam,
1376 878 1427 912 scd
1440 891 1572 928 propter
1587 895 1660 917 mc,
1681 885 1750 917 [am

108 923 210 972 quum
220 925 320 958 hodie
329 923 440 957 limilis
451 922 487 956 iit
497 924 603 956 nostra
614 926 709 960 ratim
721 936 762 956 ne
771 921 960 957 dubitemus
968 926 1109 969 peccatis
1119 924 1235 959 nostris
1245 926 1264 958 h
1271 938 1333 960 unc
1340 927 1489 975 clypeum
1498 928 1751 979 obiicere‚Q-

107 976 154 1008 uis
164 984 296 1007 centum
308 974 414 1006 exitiis
430 970 607 1019 dignissimi
629 970 724 1005 limus
737 995 746 1009 ,
761 971 837 1005 Deo
856 981 966 1005 tamen
982 970 1128 1006 sufficere
1144 972 1352 1015 bonitatis&
1366 976 1555 1013 constantiae
1569 978 1628 1015 sua·
1647 981 1751 1029 respe-

104 1024 194 1056 &um
205 1045 214 1059 ,
227 1033 262 1055 vt
271 1019 406 1068 impleat
417 1020 506 1067 quod
516 1018 664 1067 promilit
673 1045 681 1053 .
693 1018 756 1054 Etsi
766 1031 876 1053 autem
894 1019 1074 1066 hypocritis
1090 1021 1172 1055 nihil
1190 1023 1317 1069 prodest
1327 1048 1335 1061 ‚
1348 1026 1457 1059 Deum
1475 1026 1537 1060 else
1553 1041 1748 1077 perpetuum

106 1069 253 1105 Eccleliae
261 1069 320 1104 sua·
328 1081 473 1103 tutorem
484 1083 491 1102 :
503 1068 614 1102 electis
628 1069 756 1115 semper
768 1068 832 1102 hoc
849 1066 1041 1102 tutiffimum
1052 1072 1115 1103 erit
1131 1070 1269 1115 asylum,
1283 1076 1433 1122 Qanuis
1449 1075 1490 1108 ad
1506 1079 1750 1124 propitiandam

103 1121 186 1153 iram
199 1119 265 1153 Dei
283 1117 364 1152 nihil
379 1131 417 1152 ex
428 1116 533 1165 seiplis
545 1115 680 1151 afferant
690 1140 699 1154 ‚
715 1118 791 1164 quia
803 1128 915 1151 tamen
932 1130 1000 1150 non
1012 1117 1144 1153 aliunde
1161 1120 1259 1166 quam
1269 1121 1428 1157 immensa
1440 1122 1492 1157 sua
1500 1123 1752 1161 bonitateindu-

106 1169 176 1202 <stus
189 1165 362 1202 Ecclesiam
376 1169 479 1200 erexit
489 1165 640 1213 tuerique
652 1165 762 1199 statuit
771 1189 781 1203 ‚
792 1178 859 1200 non
869 1164 1030 1213 passurum
1040 1178 1074 1201 vt
1085 1180 1229 1215 vnquam
1242 1171 1379 1204 intereat
1390 1197 1398 1204 .
1408 1172 1468 1206 Sed
1477 1176 1624 1221 apprime
1633 1187 1750 1210 notatu

106 1218 248 1262 dignum
258 1215 303 1250 est
312 1216 401 1263 quod
412 1215 574 1262 sequitur,
601 1227 616 1248 ι’
640 1227 665 1248 R
687 1228 709 1248 o
733 1228 748 1248 1⁷
769 1226 790 1247 τ
814 1228 830 1249 ε
852 1226 876 1249 R
897 1217 1005 1249 Dauid
1014 1213 1143 1250 seruum
1154 1229 1283 1252 meum:
1299 1218 1355 1253 etii
1375 1223 1464 1255 enim
1484 1222 1559 1256 Deo
1574 1227 1749 1271 quaerenda

103 1255 171 1299 non
182 1262 244 1299 fuit
261 1276 351 1298 extra
360 1262 498 1312 seipsum
509 1262 602 1297 causa
611 1288 621 1302 ,
632 1266 708 1316 quia
717 1274 863 1311 gratuito
873 1276 984 1297 amore
993 1264 1181 1312 complexus
1195 1263 1301 1301 fuerat
1311 1268 1469 1316 populum
1488 1270 1598 1307 illum:
1610 1285 1679 1307 non
1688 1273 1746 1308 abs

101 1326 136 1347 re
147 1325 257 1348 tamen
269 1315 433 1348 Dauidem
443 1311 530 1360 quasi
539 1312 752 1346 certiflimum
769 1314 889 1346 amoris
898 1325 1015 1361 pignus
1024 1315 1057 1347 in
1069 1316 1217 1348 medium
1232 1328 1387 1364 proponit
1397 1341 1406 1355 ‚
1419 1320 1453 1351 in
1466 1323 1556 1354 cuius
1574 1334 1674 1357 manu
1686 1321 1747 1358 foe-
1761 1314 1926 1356 2·R?g·7·12

100 1364 160 1397 dus
168 1364 337 1411 pepigerat
346 1386 355 1400 ‚
367 1365 402 1396 &
411 1364 463 1396 cui
475 1360 505 1395 se
522 1360 593 1395 fore
604 1365 637 1395 in
646 1372 775 1410 patrem
795 1361 928 1395 testatus
946 1360 1052 1396 fuerat
1063 1389 1071 1396 .
1080 1375 1189 1411 neque
1199 1367 1288 1398 enim
1301 1367 1426 1400 inducit
1446 1369 1627 1416 Propheta,
1643 1382 1676 1405 vt
1687 1372 1747 1406 ho-

100 1414 226 1446 minem
235 1401 398 1459 priuatum
411 1434 421 1449 ,
432 1410 484 1444 scd
496 1422 530 1444 vt
548 1409 673 1445 sacrum
686 1411 815 1458 Regem
825 1434 834 1448 ‚
847 1413 898 1444 cui
909 1411 1048 1445 thronus
1059 1411 1125 1447 Dei
1144 1425 1243 1447 manu
1255 1413 1416 1449 stabilitus
1427 1428 1497 1451 erat
1506 1441 1515 1456 ‚
1527 1417 1582 1452 sub
1593 1432 1684 1453 cuius
1693 1434 1747 1456 au-

98 1459 204 1508 spiciis
217 1459 537 1494 Eccleliaincolumis
549 1470 697 1494 maneret
707 1482 716 1497 ,
730 1462 787 1506 qui
797 1460 940 1507 denique
951 1461 1113 1495 mediator
1122 1461 1199 1495 ell'et
1208 1473 1295 1497 inter
1306 1463 1419 1498 Deum
1430 1469 1465 1499 δε
1477 1467 1653 1503 Ecclesiam
1664 1482 1748 1517 :quo

98 1512 235 1542 nomine
245 1507 388 1553 Angelos
402 1520 537 1556 quoque
548 1508 631 1555 ipsos
646 1508 834 1556 praecelluit,
846 1520 1007 1554 quatenus
1020 1508 1155 1558 gerebat
1176 1510 1297 1545 Christi
1307 1511 1497 1560 personam.
1517 1516 1580 1550 Etli
1590 1520 1748 1566 aud-pau-

96 1557 131 1591 Ιὸ
141 1557 212 1605 post
221 1548 419 1606 prossratum
431 1555 495 1591 fuit
506 1556 622 1591 solium
633 1561 667 1592 &
684 1557 862 1591 laceratum
876 1559 1041 1597 diadema,
1053 1572 1121 1593 non
1131 1557 1195 1593 fuit
1207 1570 1318 1594 tamen
1332 1565 1435 1596 inanis
1445 1564 1513 1599 haec
1527 1566 1745 1605 confirmatio,

96 1608 209 1641 Deum
219 1607 325 1640 adhuc
335 1607 374 1640 ad
387 1617 519 1653 tempus
534 1605 746 1640 vellevrbem
756 1617 931 1654 protegere
940 1630 948 1644 ‚
965 1610 1042 1654 quia
1054 1611 1184 1642 irritum
1194 1608 1256 1642 esse
1267 1609 1351 1644 nolit
1362 1613 1450 1658 quod
1459 1614 1499 1647 de
1512 1616 1621 1663 Regni
1632 1628 1746 1663 perpe-

96 1657 214 1689 tuitate
237 1656 358 1689 Dauidi
379 1655 512 1688 testatus
530 1653 653 1688 fuerat.
685 1657 723 1689 Et
746 1654 864 1690 scimus
882 1656 994 1703 populi
1015 1656 1116 1690 exilio
1137 1669 1203 1691 non
1220 1658 1347 1706 prorsus
1363 1659 1526 1696 abolitum
1544 1661 1636 1698 fuisse
1656 1668 1746 1711 prin-

93 1706 236 1751 cipatum
260 1706 294 1737 in
311 1703 446 1751 posteris
463 1704 618 1741 Daunus,
639 1705 743 1737 donec
767 1705 899 1738 tandem
918 1704 1046 1738 emerfit
1071 1705 1220 1740 Christus
1238 1730 1247 1744 ‚
1266 1710 1322 1754 qui
1347 1707 1427 1743 alibi
1454 1710 1539 1744 hanc
1556 1711 1600 1746 ob
1616 1711 1742 1747 causam
1759 1711 1882 1749 'fr-309

91 1753 202 1786 Dauid
212 1763 362 1786 vocatur.
370 1753 460 1785 Hinc
469 1764 602 1799 apparet
610 1752 709 1799 quam
720 1752 847 1786 ridiculi
859 1752 919 1787 lint
932 1753 1062 1801 Papistae
1072 1778 1081 1792 ,
1092 1767 1196 1801 quum
1209 1759 1340 1790 meritis
1355 1757 1549 1794 Sanistorum
1567 1760 1667 1796 tribui
1682 1761 1743 1796 fin-
1760 1756 1865 1803 Ezl’sb·
1874 1767 1919 1796 37·

91 1812 175 1849 gunt
194 1800 281 1847 quod
295 1802 384 1834 Deus
395 1798 491 1834 nobis
501 1799 640 1848 ignoscit
650 1827 657 1833 .
668 1803 756 1834 Nam
766 1799 821 1835 liic
831 1801 932 1850 longe
940 1803 1003 1837 alia
1021 1804 1154 1837 Dauidis
1164 1806 1265 1850 quam
1282 1804 1424 1840 aliorum
1442 1808 1638 1844 Sandtorum
1655 1813 1741 1845 ratio
1756 1815 1802 1847 24

90 1849 137 1883 cst
144 1848 188 1883 ob
198 1847 445 1896 promiffionem
481 1862 526 1883 uae
539 1847 587 1882 illi
597 1849 672 1882 data
682 1860 759 1883 erat.¹
775 1852 908 1884 Poterat
919 1856 1006 1885 enim
1027 1850 1256 1887 Abrahamum
1268 1866 1322 1888 aur
1343 1855 1446 1889 alium
1454 1861 1638 1897 nominare,
1650 1862 1739 1893 cuius
1756 1852 1868 1897 HvssS

92 1910 159 1931 non
168 1910 266 1945 parua
275 1896 352 1932 eil'et
360 1910 392 1930 in
406 1861 543 1931 ficeclciia
553 1897 745 1932 authoritas.
755 1898 820 1933 Sed
830 1912 932 1946 quum
945 1898 1000 1934 hic
1010 1902 1050 1934 de
1061 1900 1284 1937 confer-nanda
1297 1903 1452 1944 Ecclesia,
1462 1907 1503 1940 de
1520 1911 1739 1956 perpetuitate

88 1946 313 1995 regniChristi
323 1957 447 1994 agatur,
459 1959 534 1979 eum
543 1944 743 1994 potiffimum
754 1951 940 1982 nominauit
965 1952 1021 1996 qui
1031 1952 1117 1983 inter
1127 1949 1208 1985 alios
1227 1955 1427 1988 nominatim
1436 1955 1684 2002 promiffionem
1702 1956 1740 1991 il—

87 1994 155 2028 lam
173 2006 365 2042 acccperat‚
383 1996 460 2029 Haec
478 1997 607 2042 requies
625 2007 717 2033 mea,
730 1996 782 2030 hic
799 1995 968 2031 habitabo.
1012 2002 1129 2048 Qim
1141 2001 1241 2048 igitur
1252 2001 1418 2048 promiffi,
1440 2016 1508 2038 non
1525 2004 1668 2053 persona:
1683 2004 1739 2040 hic
1757 2000 1918 2047 Pfi‘I-l32214

89 2042 250 2078 habeatur
265 2046 350 2078 ratio
359 2067 368 2082 ‚
381 2041 529 2076 bisstulti
541 2042 612 2076 sunt
631 2043 762 2091 Papistae
771 2047 827 2090 qui
838 2044 1101 2080 intercellioncm
1125 2049 1319 2084 Sanistorum
1328 2075 1338 2089 ,
1349 2064 1450 2099 quam
1461 2057 1643 2088 commenti
1654 2053 1738 2093 sunt,

89 2092 167 2126 hinc
176 2094 278 2126 iuuari
292 2103 422 2140 putant.
458 2091 529 2125 lmo
539 2093 630 2138 quod
637 2104 697 2140 pro
707 2091 736 2125 se
745 2091 930 2127 obtendunt
942 2107 1058 2129 eorum
1070 2099 1172 2131 errori
1182 2097 1352 2148 plusquam
1361 2112 1422 2136 con
1429 2105 1564 2136 trarium
1582 2103 1628 2137 est
1641 2127 1650 2141 ,
1662 2107 1740 2152 quia

88 2139 143 2175 hic
166 2143 391 2188 interponitur
411 2140 526 2174 Dauid
552 2142 643 2174 vnici·
655 2141 850 2176 Mediatoris
868 2153 962 2190 typus
978 2164 994 2181 ,ν
1013 2156 1035 2191 q
1045 2147 1071 2177 ii
1100 2144 1232 2181 fistitias
1255 2160 1372 2182 eorum
1405 2149 1649 2186 intercessiones
1687 2165 1743 2186 ex-

91 2189 210 2224 cludat.
686 2193 689 2195 ’
1100 2212 1104 2214 -
1250 2214 1253 2215 ⁷
1555 2217 1558 2220 -

139 2295 174 2333 36
214 2290 282 2322 ET
335 2299 516 2326 eones
542 2304 628 2326 svs
682 2294 949 2324 Anoervs
1002 2304 1012 2324 1
1037 2303 1053 2324 r.
1080 2304 1101 2324 n
1127 2305 1148 2325 o
1173 2294 1281 2336 va.)
1340 2297 1744 2346 NuncProphetanarrat

95 2339 172 2385 quid
184 2336 308 2384 Assyrio
319 2339 536 2379 acciderirme
546 2341 734 2375 Dominum
743 2336 860 2373 frustra
875 2337 1054 2385 loquutum
1064 2337 1125 2373 effe
1143 2340 1375 2378 existimemus.
1387 2347 1587 2380 Vaticinium
1597 2361 1677 2396 ergo
1689 2348 1743 2383 sui'i

87 2397 207 2420 euentu
218 2399 292 2421 com
319 2385 472 2422 robatum
485 2389 547 2424 effe
559 2390 719 2426 ostendit,
729 2398 764 2421 vt
773 2385 868 2421 facilc:
876 2386 1018 2434 liqueret
1029 2389 1189 2423 diuinitus
1205 2389 1267 2424 effe
1277 2392 1417 2431 millum,
1429 2407 1489 2429 nec
1499 2399 1677 2443 quicquam
1695 2410 1743 2431 te-

87 2436 176 2470 mere
189 2447 287 2482 protu
304 2434 358 2469 iisc
368 2461 376 2469 .
401 2438 473 2471 Nec
482 2439 562 2473 verb
576 2450 644 2473 tam
655 2435 874 2471 memorabile
884 2438 948 2470 Dei
957 2449 1038 2485 opus
1049 2438 1090 2471 ad
1102 2438 1228 2473 dietum
1239 2453 1341 2475 vnum
1352 2442 1502 2493 restringi
1514 2443 1695 2482 debuit,sed
1706 2450 1740 2480 in

86 2482 255 2518 totocursu
265 2485 421 2519 doch-ina:
431 2499 522 2534 parta
534 2486 596 2521 fuit
608 2499 641 2521 vt
652 2486 804 2535 legitimo
815 2487 987 2533 Propbetae
997 2487 1462 2538 autlioritas„eiust'1uesancita
1475 2496 1605 2528 vocatio
1616 2520 1623 2526 .
1648 2496 1739 2529 Nm

86 2534 208 2566 recenti
226 2537 386 2567 memoria
403 2546 472 2568 tem
488 2535 600 2585 paffim
619 2547 736 2569 notam
756 2547 792 2568 ac
807 2533 979 2569 celebrem
996 2538 1140 2571 narrauit
1155 2556 1172 2574 ‚;
1189 2539 1275 2572 vnde
1295 2539 1446 2574 testatum
1465 2540 1557 2575 fieret
1576 2541 1678 2589 vsque
1698 2545 1738 2579 ad

85 2579 183 2614 finem
193 2578 316 2616 ‘mundi
333 2585 403 2616 eius
417 2595 475 2618 ore
492 2585 669 2632 loquutum
688 2583 750 2618 esse
764 2583 896 2618 Deum.
932 2583 996 2617 Vbi
1014 2584 1097 2620 vero.
1118 2585 1180 2622 ista
1193 2584 1294 2621 fuerit
1320 2587 1361 2623 ab
1379 2589 1510 2638 Angelo
1526 2590 1651 2626 inflicsta
1673 2592 1737 2628 cla-

86 2630 160 2667 des,
177 2641 243 2663 non
262 2633 336 2664 (atis
349 2632 493 2667 constat.
512 2636 662 2682 Recepta
676 2634 810 2681 quidem
827 2632 929 2682 vulgo
948 2635 1064 2680 opinio
1083 2633 1158 2672 ests
1170 2647 1245 2670 eam
1263 2638 1295 2670 in
1311 2636 1483 2672 oblidione
1501 2638 1589 2674 vrbis
1607 2641 1736 2676 leroso-

85 2676 178 2722 lymae
195 2679 358 2714 accidisse:
380 2679 433 2715 sed
452 2685 561 2730 potuit
579 2685 610 2716 in
628 2685 747 2717 itincre
765 2684 864 2715 ctiam
889 2683 1038 2716 accidere
1050 2706 1059 2720 ‚
1086 2683 1150 2717 hoc
1166 2683 1239 2726 est,
1258 2697 1362 2732 quum
1378 2686 1600 2722 Sennacherib
1617 2691 1658 2724 ad
1673 2691 1734 2724 ob-

84 2725 248 2760 fidendam
267 2726 381 2762 vrbem
403 2734 532 2766 veniret
542 2757 549 2765 .
561 2733 635 2766 Hoc
643 2744 706 2780 ego
715 2733 749 2764 in
758 2731 870 2764 medio
879 2730 1031 2778 relinquo
1040 2754 1049 2769 ,
1060 2733 1142 2778 quia
1149 2744 1264 2779 parum
1273 2736 1407 2770 interest
1421 2764 1428 2770 .
1439 2736 1541 2772 Certe
1551 2751 1589 2772 ex
1597 2751 1735 2774 contex-

86 2785 120 2807 tu
137 2775 244 2821 aperte
252 2778 442 2818 iudicamus,
453 2793 522 2815 non
532 2792 599 2815 tam
609 2779 710 2829 prope
720 2777 876 2814 accessiile
886 2791 1076 2824 tyrannum,
1086 2789 1121 2814 vt
1132 2780 1237 2817 telum
1250 2784 1283 2816 in
1292 2783 1410 2818 vrbem
1428 2790 1562 2820 mittere
1576 2792 1730 2835 potuerit.

84 2823 336 2870 Repudiandum
351 2830 483 2874 quidem
494 2828 574 2864 illud
582 2840 894 2876 commentum,quo
904 2829 1004 2862 Satan
1019 2841 1076 2876 per
1084 2830 1268 2879 Scriptores
1279 2831 1434 2880 profanos
1445 2846 1513 2869 tam
1526 2835 1648 2870 illustre
1661 2838 1728 2870 Dei

83 2872 239 2905 iudicium
255 2871 421 2910 obscurare
431 2890 568 2912 conatus
577 2879 739 2927 cst‚quum
755 2881 787 2911 in
797 2877 889 2912 bello
903 2880 1095 2926 AEgyptiaco
1104 2891 1177 2927 pars
1189 2893 1349 2916 exercitus
1359 2883 1446 2931 peste
1455 2884 1627 2932 cosumpta
1639 2886 1727 2924 estet,

86 2919 306 2957 Sennacherib
317 2925 478 2961 reuersum
488 2926 548 2962 else
557 2930 590 2961 in
603 2939 771 2977 propriam
785 2928 947 2961 ditionem
956 2952 963 2960 .
973 2939 1084 2975 neque
1094 2931 1184 2963 enim
1194 2940 1283 2964 tanta
1292 2933 1386 2966 vnius
1400 2935 1507 2967 noetis
1518 2934 1637 2982 strages
1646 2934 1729 2983 pesti

1475 2982 1521 3016 D.
1530 2986 1562 3015 ii.
