2034 3392
64 280 129 328 Pstxl
138 287 186 324 76·
193 293 219 317 2,

67 339 230 372 &147.19.

69 393 106 414 20

68 434 143 471 Rom.
153 439 199 471 3³·

246 158 350 210 μέ
663 129 843 210 ’ῙΝ
925 126 1414 210 JSAJAM.

249 245 318 266 nou
329 233 449 273 inuitat
457 256 465 265 .
475 229 603 265 Scimus
614 228 737 263 ludaeos
746 226 808 261 hac
819 227 1035 275 praerogatiua
1044 238 1109 273 prae
1126 228 1249 260 caeteris
1264 224 1455 261 nationibus
1464 226 1603 262 donatos
1612 225 1725 274 ,quod
1737 229 1826 265 Deus
1843 228 1908 265 sese

251 280 316 314 illis
333 277 660 328 patefecerit.Notus
678 279 713 310 in
729 277 835 310 Iudaea
853 276 961 313 Deus,
972 276 1081 321 inquit
1099 273 1406 321 Psaltes:magnum
1421 277 1455 308 in
1465 274 1579 309 Isra'e'le
1587 288 1712 316 nomen
1727 279 1812 312 eius.
1864 279 1908 314 ιιὸ

252 325 360 363 minus
370 327 557 366 excusabilis
568 337 638 362 erat
647 337 761 372 eorum
773 323 824 358 vel
835 322 980 359 socordia
991 321 1044 357 vel
1053 325 1236 370 peruicacia
1245 346 1254 361 ‚
1267 324 1350 363 dum
1357 322 1444 358 suam
1456 322 1661 359 foelicitatem
1678 337 1738 372 pro
1747 281 1911 362 nihissfffl

251 373 573 421 ῐὲζὶιιεῷὲιίὲζγῃάε
590 377 680 410 enim
692 384 786 411 tanta
802 372 920 406 leuitas
935 370 989 405 vel
999 372 1045 406 ad'
1058 368 1279 406 defectionem
1296 370 1485 420 propensio,
1496 371 1554 406 nisi
1570 373 1661 422 quod
1675 373 1911 410 inaestimabilis

252 424 553 471 coelestistdoctrinae
563 423 728 459 thesaurus
738 420 830 455 nullo
841 432 896 455 aut
904 419 963 455 vili
975 423 1011 454 in
1020 422 1125 468 pretio
1133 422 1218 468 apud
1229 432 1361 454 eoserat
1372 431 1382 456 2
1394 421 1499 469 Digni
1509 434 1588 467 ergo
1598 419 1728 456 fuerunt
1746 435 1828 469 quos
1837 437 1911 472 gra-

253 474 323 510 uius
346 473 536 524 &asperius
560 472 751 520 obiurgaret
771 470 939 516 Propheta
952 492 962 507 ‚
978 467 1071 502 ficuti
1093 470 1132 510 in.
1145 481 1200 502 eos
1218 469 1411 508 inuehitur..
1432 463 1569 517 oblique
1589 471 1806 518 perstringens
1820 466 1911 520 quod

253 523 397 572 maligne
409 528 443 558 &
452 521 599 571 peruerse
609 522 649 555 ad
657 518 892 554 obscurandam
905 519 967 551 Dei
980 519 1122 564 gratiam
1131 519 1217 551 inter
1226 517 1257 551 se
1267 516 1454 565 conspirent
1463 543 1472 551 .
1482 520 1620 561 Videtur
1628 532 1735 560 autem
1748 523 1837 555 Deus
1852 519 1910 556 hic

253 577 444 622 pei-mittere
463 573 642 608 Iudaejs,vt
655 567 767 614 siquid
783 564 1024 612 habeantquod
1037 564 1181 599 obiicere
1198 564 1316 614 possint
1329 568 1544 609 ‚inmedium
1561 565 1912 616 proferantzquemada

230 655 232 658 .
252 622 391 657 modim]
401 622 420 667 ij
431 622 488 669 qui
496 617 572 653 freti
582 617 733 652 bonitate
743 613 843 648 causa*
851 637 861 651 ,
872 611 1070 648 aduersarios
1078 626 1255 661 prouocare
1271 616 1391 649 audent
1403 629 1410 649 ε
1421 617 1535 650 Adduc
1542 619 1690 658 rationes
1699 629 1770 652 tuas
1781 616 1819 652 :fi
1831 618 1912 663 quid

79 1168 184 1200 1.Sam.
197 1177 239 1199 10·

78 1227 115 1250 ιο

251 672 286 706 in
298 684 328 706 te
339 671 383 704 est
395 670 562 705 acuminis,
574 665 720 699 ostende.
730 661 827 697 Vltro
838 660 1071 710 igiturlaceffit
1080 661 1162 710 ipsos
1171 677 1178 697 :
1188 676 1224 697 ac
1233 662 1376 698 liberum
1386 660 1476 702 facit,
1489 676 1523 698 vt
1532 663 1554 698 fi
1564 677 1628 712 qua
1642 668 1770 700 ratione
1779 665 1909 715 possint,

250 720 422 755 ostendant
441 716 517 750 talia
527 716 544 749 ὲ
554 716 614 748 diis
625 714 785 746 Gentium
795 713 944 745 nuntiata
954 710 1024 745 esse.
1030 710 1160 747 Licebit
1170 715 1269 753 etiam
1280 714 1457 746 extendere
1468 714 1507 747 ad
1517 715 1656 748 Diuinos
1665 717 1700 748 δε
1709 728 1848 762 augures
1855 718 1912 763 qui

251 768 309 803 sibi
318 763 514 814 arrogabant
523 763 686 798 scientiam
697 772 806 794 rerum
815 757 1010 798 futurarum,
1023 760 1041 794 ὲ
1049 759 1167 807 quibus
1176 760 1243 801 haec
1252 760 1344 795 nullo
1353 763 1455 797 modo
1464 763 1631 809 praeuideri
1649 775 1825 810 potuerunt
1836 791 1844 798 .
1854 766 1913 798 At-

251 831 314 865 que
323 819 358 849 in
366 814 509 848 eundem
525 810 652 846 sensum
661 820 788 858 repetet
800 822 838 844 ea
845 822 916 857 qua:
932 808 1108 856 sequentur
1124 812 1277 856 proximo
1288 808 1377 848 versu
1390 824 1397 845 :
1409 813 1488 858 Ego,
1501 823 1564 858 ego
1573 810 1726 858 loquutus
1737 811 1806 847 sum
1819 838 1826 846 ,
1838 815 1911 847 Huc

252 866 359 900 tendit
371 861 505 899 summa,
517 862 638 894 Iudaeos
648 860 723 893 ideo
735 857 907 896 vacillare,
919 859 989 892 imo
998 859 1165 895 excidere,
1178 859 1268 906 quod
1278 871 1345 892 non
1362 857 1436 899 satis
1456 859 1616 894 aestiment
1633 861 1733 908 quam
1752 860 1913 909 singulare

254 914 379 949 bonum
390 910 427 944 sit
437 935 446 949 ‚
458 910 654 958 cognoscere
665 921 703 942 ex
721 906 811 940 sacro
821 909 884 941 Dei
898 919 955 941 ore
973 908 1130 954 quicquid
1139 908 1180 941 ad
1191 906 1328 941 salutem
1340 908 1469 954 expedit
1481 933 1488 941 .
1500 909 1671 948 Continuo
1689 909 1760 957 post
1770 908 1912 958 speciem

255 960 355 998 vnam
372 958 517 1007 designat
528 960 695 1005 :quiaiam
713 959 802 990 Deus
811 954 913 989 finem
930 955 1015 1002 exili-j
1032 954 1380 1004 Babylonicidignatus
1388 953 1567 991 suetatillis
1603 959 1753 993 raedicere
1766 949 1914 1004 {Cyrum

258 1013 352 1046 huius
363 1020 475 1058 gratiae
493 1006 679 1041 ministrum
688 1018 755 1039 non
765 1007 916 1038 nominat
927 1019 934 1039 z
945 1003 997 1038 sed
1011 1003 1103 1052 quali
1116 1006 1155 1039 de
1172 1004 1309 1038 homine
1326 1016 1418 1039 certo
1435 1008 1471 1039 Sc
1486 1017 1567 1039 noto
1580 970 1737 1054 sequens,
1750 999 1914 1056 suppresso

259 1061 397 1094 nomine
408 1058 487 1092 dicit
498 1056 642 1090 elestum
653 1053 714 1088 effe
731 1053 887 1087 diuinitus
896 1078 906 1091 ‚
916 1056 972 1100 qui
992 1051 1192 1098 Babylonem
1210 1066 1374 1101 expugnet
1383 1079 1391 1087 .
1402 1052 1548 1088 Dilectio
1559 1067 1669 1099 autem
1682 1069 1749 1090 non
1761 1055 1915 1104 simplici-

259 1120 327 1147 ter,
345 1106 396 1142 sed
413 1101 478 1147 πρὸξ
494 1105 521 1138 τί
539 1101 863 1152 accipiturtideoque
881 1103 921 1136 ad
931 1100 1076 1148 foelicem
1087 1103 1304 1150 expeditionis
1320 1115 1478 1136 euentum
1494 1102 1716 1152 restringitur.
1729 1104 1822 1139 licuti
1838 1105 1914 1140 Saul
1930 1140 1932 1142 ,

259 1157 435 1193 secundum
445 1155 525 1204 quid
538 1155 613 1188 Deo
625 1153 740 1187 charus
757 1149 820 1197 fuit
829 1175 838 1189 ‚
850 1163 884 1185 vt
895 1152 935 1185 ad
944 1163 1073 1199 tempus
1082 1162 1233 1199 regnaret
1245 1162 1359 1198 :atque
1374 1153 1475 1185 etiam
1490 1153 1638 1200 praeditus
1649 1153 1726 1187 esset
1738 1155 1827 1188 dono
1838 1157 1916 1189 Pro-

258 1208 385 1256 phetiae.
396 1204 458 1240 alia
492 1207 599 1238 iorum
612 1203 707 1247 ratio,
718 1212 799 1248 quos
809 1202 897 1234 Deus
907 1199 1110 1235 immutabili
1122 1213 1234 1234 amore
1244 1199 1444 1247 complexus,
1455 1213 1624 1247 nunquam
1635 1202 1652 1235 ὲ
1665 1201 1694 1236 se
1705 1204 1854 1237 excidere
1862 1216 1916 1252 pa-

258 1256 337 1291 titur
349 1281 355 1288 .
367 1217 538 1301 Significat
552 1263 660 1285 autem
673 1250 797 1295 Cyrum
807 1250 882 1283 ideo
899 1260 1159 1296 expugnaturum
1176 1247 1377 1293 Babylonem
1387 1273 1396 1287 ‚
1410 1248 1583 1296 qubdDeo
1599 1251 1736 1284 authore
1746 1254 1779 1285 δέ
1791 1252 1873 1286 duce
1881 1265 1918 1286 o-

254 1317 313 1354 pus
327 1303 390 1337 hoc
404 1300 549 1350 suscipiat
559 1325 568 1338 ‚
578 1313 646 1334 non
663 1301 740 1333 data
755 1300 889 1346 quidem
900 1310 999 1345 opera
1009 1321 1018 1335 ‚
1030 1296 1083 1332 sed
1091 1298 1370 1346 quemadmodum
1391 1298 1483 1331 Deus
1493 1297 1545 1332 vel
1562 1298 1680 1333 inscios
1694 1303 1728 1334 ἃ
1737 1312 1836 1334 caecos
1845 1299 1916 1348 qu&

255 1350 327 1389 vult
337 1354 380 1385 im
407 1351 486 1388 ellit,
497 1349 549 1386 vel
563 1348 603 1383 ab
614 1351 726 1382 inuitis
736 1345 931 1394 obsequium
941 1349 1117 1394 extorquet
1132 1359 1209 1389 :nec
1222 1349 1310 1379 enim
1327 1346 1509 1381 voluntaria
1520 1346 1711 1382 obedient-13
1722 1347 1871 1383 laudam„
1881 1352 1917 1384 in

238 1399 242 1401 “
256 1399 358 1447 Cyro,
383 1402 423 1435 ed
432 1402 538 1449 petius
549 1396 718 1433 extollitur
729 1397 941 1444 prouidentia
954 1397 1039 1434 Dei,
1052 1408 1116 1444 qua
1123 1396 1232 1443 dirigit
1249 1397 1384 1429 cunCtos
1397 1394 1554 1429 mortales
1563 1397 1603 1430 ad
1621 1399 1850 1445 exequendum
1861 1397 1918 1432 susi

258 1448 441 1485 consilium.
465 1463 483 1483 B
497 1461 521 1482 R
535 1460 555 1481 A
575 1460 592 1481 c
607 1460 630 1480 H
642 1459 652 1479 1
667 1459 686 1480 v
701 1458 730 1479 M
774 1458 816 1487 μ
830 1457 850 1478 v
863 1456 890 1477 s·
912 1443 1024 1491 Aliqui
1036 1448 1071 1478 in
1090 1444 1273 1478 accusatiuo
1290 1442 1422 1492 legunt,
1434 1443 1488 1489 alij
1498 1447 1532 1478 in
1544 1448 1753 1480 nominatiuo
1764 1472 1771 1480 .
1782 1447 1845 1481 Sed
1862 1460 1918 1495 pa-

257 1513 332 1535 rum
343 1499 387 1533 est
402 1495 700 1543 discriminis‚quod
716 1494 754 1528 ad
764 1491 889 1539 sensum
901 1496 1036 1539 attinet.
1046 1491 1159 1528 Potest
1169 1504 1279 1527 autem
1298 1494 1473 1527 Brachium
1483 1495 1584 1541 accipi
1604 1507 1663 1541 pro
1675 1496 1805 1543 Opere,
1818 1498 1918 1544 idque

260 1546 502 1593 metonymice:
516 1557 613 1594 atque
622 1543 662 1577 lic
674 1541 791 1577 melius
802 1541 882 1575 fluet
893 1545 999 1576 oratio
1008 1566 1018 1580 ‚
1030 1541 1215 1576 Consilium
1227 1544 1293 1574 eius
1311 1554 1490 1589 exequetur
1509 1545 1542 1576 in
1554 1542 1737 1589 Babylone,
1749 1557 1832 1592 opus
1848 1548 1917 1578 eius

259 1601 295 1633 in
306 1596 468 1631 Clialdaeis
479 1621 486 1628 .
497 1595 621 1629 Scimus
631 1595 721 1626 enim
731 1592 793 1625 hoc
804 1591 973 1638 Prophetis
991 1590 1156 1639 peculiare
1168 1590 1228 1624 effe
1237 1614 1247 1629 ,
1261 1603 1293 1625 vr
1307 1592 1399 1638 Opus
1420 1591 1559 1624 Domini
1577 1595 1610 1626 &
1622 1591 1805 1627 Consilium
1824 1591 1917 1627 fimul

262 1649 464 1694 coniungant
474 1671 481 1678 .
494 1641 643 1690 Oblique
654 1641 731 1676 veto
741 1638 919 1688 exprobrat
932 1641 1045 1674 Iudaeis
1054 1641 1325 1687 ingratitudinem
1336 1639 1436 1677 suam,
1449 1639 1538 1687 quod
1549 1641 1625 1675 Deo
1637 1640 1807 1688 pollicenti
1818 1641 1918 1676 fidem

262 1693 419 1730 adhibere
426 1693 547 1731 nolint,
558 1689 686 1726 tametsi
698 1702 768 1724 rem
790 1687 891 1736 ipsam
908 1689 999 1724 velut
1012 1690 1116 1737 digito
1133 1688 1281 1722 ostendat
1292 1703 1300 1723 ι
1310 1702 1344 1722 ac
1354 1687 1452 1737 longe
1468 1687 1563 1722 aliter
1575 1688 1739 1737 loquatur,
1751 1691 1849 1738 quam
1861 1701 1917 1725 aut

262 1742 451 1782 Diuini‚aut
461 1741 566 1787 fie'titij
575 1742 616 1786 dij
629 1739 741 1774 solent.
753 1741 789 1772 In
797 1737 1009 1777 summamult
1020 1735 1206 1786 persuasum
1220 1736 1280 1771 effe
1292 1739 1412 1775 ludaeis,
1424 1750 1502 1785 opus
1515 1740 1652 1772 Domini
1669 1736 1741 1773 fore
1754 1739 1844 1786 quod
1854 1739 1919 1784 Cy-

261 1806 313 1828 rus
324 1791 527 1838 Babylonem
537 1787 746 1839 expugnabit.
758 1788 883 1823 Omnia
895 1791 984 1823 enim
994 1785 1138 1836 auspiciis
1148 1788 1213 1821 eius
1225 1785 1474 1837 peraget,idque
1485 1799 1518 1822 vt
1535 1788 1667 1822 tandem
1678 1786 1818 1822 Ecclesia
1836 1787 1918 1822 libe-

260 1855 356 1877 retur.
1153 1868 1154 1871 ,

301 1904 335 1938 15
375 1893 387 1924 1
401 1903 422 1923 n
438 1902 454 1923 ε
471 1902 492 1923 o
534 1901 551 1922 r
565 1900 589 1922 R
604 1901 625 1922 o
641 1900 653 1921 s
672 1900 688 1921 1²
704 1899 720 1921 ε
736 1899 760 1921 R
773 1900 789 1922 E
831 1899 853 1921 H
870 1899 890 1920 A
908 1899 925 1920 B
941 1899 957 1920 E
973 1899 991 1920 Β
1007 1898 1018 1918 1
1033 1887 1081 1929 T.)
1119 1886 1206 1918 Itert‘i
1215 1885 1255 1918 ad
1266 1886 1561 1919 vaticiniareuocat
1571 1886 1702 1924 Iudaeos,
1715 1897 1816 1933 atque
1828 1886 1919 1920 hunc

262 1942 427 1976 honorem
441 1940 513 1972 Deo
524 1938 685 1974 vendicat,
700 1936 789 1984 quod
800 1948 834 1969 re
848 1938 881 1968 in
891 1947 1040 1982 tempore
1057 1935 1208 1981 praedicta
1218 1946 1351 1967 omnem
1370 1932 1609 1967 dubitationem
1621 1933 1789 1968 abstulerit
1798 1961 1805 1968 .
1818 1938 1919 1969 Dein-

263 1991 304 2024 de
315 1989 403 2023 addit
413 1998 522 2021 tatum
531 1985 602 2019 fore
611 1986 767 2032 quicquid
779 1985 968 2031 praedietum
977 1981 1095 2017 fuerat.
1106 1984 1192 2030 Ergo
1203 1985 1236 2015 in
1245 1985 1442 2030 pronomine
1452 1984 1592 2029 repetito
1601 1982 1721 2030 duplex
1733 1982 1836 2017 subest
1849 1996 1918 2017 em⁴

263 2035 367 2087 phasis
378 2061 387 2076 ,
400 2048 467 2070 non
482 2035 583 2068 :ilium
593 2034 693 2082 quam
703 2031 826 2066 lsta'e'lis
841 2033 950 2065 Deum
961 2034 1000 2066 de
1010 2030 1105 2065 rebus
1120 2029 1236 2064 futuris
1247 2034 1278 2064 δέ
1291 2030 1488 2065 absconditis
1507 2029 1681 2077 loquutum
1694 2030 1754 2066 eise
1766 2047 1772 2066 :
1785 2033 1916 2070 deinde,

262 2090 339 2136 quia
348 2099 456 2123 verax,
467 2097 573 2131 neque
583 2095 728 2130 vnquam
740 2079 954 2118 fallit,eorum
965 2081 1078 2114 omniu
1090 2081 1130 2114 de
1140 2078 1256 2126 quibus
1267 2079 1398 2125 testatus
1414 2079 1458 2113 est
1478 2092 1634 2113 euentum
1650 2079 1722 2115 fore
1732 2080 1918 2115 indubium.

263 2140 377 2184 Itaque
389 2137 423 2168 in
440 2133 504 2167 fine
517 2130 624 2166 versus
635 2143 673 2164 co
701 2129 788 2164 ulam
801 2141 831 2168 ι,
841 2142 900 2177 pro
912 2128 1036 2163 illatiua
1045 2131 1178 2176 accipio.
1191 2141 1225 2162 ac
1236 2128 1317 2162 duos
1328 2126 1380 2162 hic
1397 2127 1456 2162 fibi
1472 2127 1551 2162 fines
1562 2131 1717 2177 proponit
1728 2128 1819 2163 Isaias
1828 2156 1836 2163 .
1851 2131 1918 2164 Pti-

264 2183 511 2222 mum2vt1udcei
523 2144 889 2229 captiuiliberationem
903 2179 1077 2225 expectent
1090 2178 1234 2215 :deinde‚
1246 2188 1280 2210 vt
1295 2175 1427 2210 liberati
1439 2176 1613 2225 agnoscant
1634 2178 1745 2211 Deum
1764 2181 1845 2213 tanti
1861 2177 1919 2212 be-

264 2230 691 2276 neficijauthoremzneque
707 2227 893 2262 existiment
908 2226 975 2260 haec
985 2226 1038 2261 vel
1056 2227 1230 2260 hominum
1247 2238 1310 2273 ope
1322 2249 1331 2263 ‚
1342 2225 1394 2260 vel
1411 2223 1551 2260 fortuito
1566 2225 1731 2260 accidisse.
1742 2228 1820 2261 Ideo
1836 2226 1917 2261 vero

264 2276 416 2330 prospere
428 2279 546 2313 cessura
556 2279 643 2324 Cyro
651 2280 767 2312 omnia
775 2274 1039 2323 ligiiificat,quod
1049 2288 1124 2308 eum
1133 2277 1262 2311 vocarit
1272 2287 1355 2308 :non
1370 2273 1460 2321 quod
1477 2275 1592 2323 dignus
1603 2275 1679 2309 eil'et
1692 2286 1784 2310 tanto
1792 2274 1919 2309 benefi-

264 2333 388 2369 cio‚aut
397 2329 450 2363 sua
459 2328 617 2362 industria
627 2339 681 2360 aut
693 2326 882 2373 potentiaid
899 2322 1117 2371 consequutus
1126 2321 1162 2357 fit
1173 2321 1241 2357 :sed
1251 2322 1341 2370 quod
1356 2325 1521 2357 Dominus
1531 2326 1598 2357 eius
1610 2336 1707 2371 opera
1723 2326 1763 2358 ad
1778 2323 1919 2359 liberan-

265 2381 344 2414 dum
354 2377 511 2427 populum
522 2375 613 2411 suurn
630 2379 676 2410 vti
688 2374 803 2408 vellet.
820 2375 908 2408 Nam
922 2373 1011 2420 quod
1031 2386 1055 2406 D
1071 2385 1082 2405 1
1096 2385 1113 2406 1.
1131 2386 1146 2406 E
1163 2385 1181 2405 c
1197 2384 1217 2404 T
1230 2385 1251 2405 v
1265 2384 1294 2406 M
1310 2374 1441 2406 vocauit
1457 2370 1620 2419 superiore
1632 2371 1739 2411 versu,
1758 2371 1918 2421 atquehic

269 2441 290 2464 v
304 2441 325 2462 o
340 2442 358 2462 c
373 2439 396 2460 Α
410 2439 429 2460 T
443 2439 462 2460 v
477 2439 505 2460 M
522 2430 555 2460 δι
567 2426 742 2459 ᾶάἀυᾶὶιιιῃ
752 2424 947 2469 ἀὶςίῑ,ηυρεῑ
957 2423 1189 2455 admonuinon
1197 2419 1258 2454 effe
1268 2418 1476 2454 referendum
1486 2421 1525 2454 =id
1535 2434 1681 2455 amorem
1697 2421 1773 2460 Dei,
1782 2435 1849 2470 quo
1859 2434 1919 2455 nos

265 2478 400 2525 adoptat
412 2478 445 2509 in
454 2473 590 2512 filios‚&
598 2474 638 2508 ad
648 2472 677 2506 se
687 2482 793 2508 vocat.
801 2483 861 2504 nec
872 2474 963 2504 enim
971 2474 1017 2504 ita
1024 2469 1162 2504 dilectus
1171 2466 1234 2502 fuit
1244 2481 1300 2503 aut
1309 2481 1444 2505 vocatus
1455 2469 1558 2514 Cyrus
1567 2485 1575 2504 .·
1585 2473 1640 2517 qui
1653 2469 1779 2516 tametsi
1790 2473 1918 2518 magnis

265 2524 445 2560 virtutibus
455 2525 604 2572 praeditus
615 2520 701 2559 esset,
712 2522 865 2554 maximis
877 2531 989 2553 tamen
1000 2521 1087 2554 vitiis
1096 2517 1259 2552 laborauit
1267 2542 1276 2556 ‚
1287 2517 1469 2552 ambitione
1479 2517 1658 2552 &libidine
1668 2519 1874 2557 dominandi,
1888 2532 1920 2552 a·

238 2612 242 2613 ⁷
266 2576 384 2615 uaritia
392 2597 400 2611 ‚
416 2572 611 2607 crudelitate
620 2595 629 2609 ‚
641 2569 775 2617 aliisque
786 2570 873 2602 vitiis
884 2583 891 2602 z
901 2572 935 2602 Sc
945 2567 1051 2616 qualis
1060 2565 1135 2601 effet
1146 2591 1155 2605 ,
1167 2564 1295 2602 infoelix
1304 2569 1369 2601 eius
1380 2569 1484 2600 exitus
1493 2567 1730 2601 demonstrauit
1740 2593 1747 2600 .
1760 2567 1919 2616 Intelligit

88 2761 175 2804 Capq.
178 2767 202 2802 5.

266 2635 346 2670 ergo
359 2621 522 2670 Propheta
535 2621 647 2654 Deum
658 2619 748 2665 Cyro
757 2619 938 2666 propitium
949 2616 1010 2651 effe
1020 2640 1029 2655 ‚
1044 2627 1078 2650 vt
1089 2629 1163 2650 eum
1176 2627 1312 2650 externa
1321 2614 1554 2650 benedictione
1568 2614 1795 2663 prosequatur,
1806 2629 1872 2650 non
1881 2627 1917 2650 vt

266 2672 367 2719 ipsum
377 2672 528 2718 adoptet,
542 2681 641 2717 atque
651 2681 688 2702 ea
700 2672 806 2716 gratia
815 2668 968 2713 dignetur
978 2678 1042 2713 qua
1055 2665 1176 2699 eiectos
1193 2662 1290 2698 solet.
1308 2664 1490 2712 Spee‘tanda
1500 2666 1588 2697 enim
1605 2663 1695 2698 causa
1711 2664 1755 2698 est
1768 2678 1824 2699 cur
1841 2677 1919 2699 eum

267 2720 317 2760 his
328 2718 516 2753 nominibus
527 2729 640 2753 vocet:
654 2729 774 2765 nempe
785 2715 872 2762 quod
884 2717 952 2749 eius
964 2713 1145 2748 ministerio
1154 2714 1193 2748 ad
1204 2712 1408 2748 liberandam
1419 2710 1592 2748 Ecclesiam
1605 2724 1713 2748 Vtatur
1723 2737 1731 2751 ,
1749 2712 1839 2748 sicuti
1850 2717 1919 2747 iam

264 2780 360 2808 antea
369 2769 495 2802 dictum
507 2767 563 2801 est.

315 2823 354 2852 16
390 2817 449 2850 Ac
464 2829 482 2850 c
496 2830 514 2850 ε
531 2829 551 2850 D
567 2828 578 2848 1
594 2828 615 2849 τ
630 2828 646 2849 E
691 2825 715 2847 A
732 2826 753 2847 n
794 2826 823 2848 M
840 2825 877 2850 E,
918 2823 943 2846 A
958 2824 978 2845 v
995 2824 1016 2845 n
1033 2823 1044 2844 1
1059 2823 1079 2844 τ
1093 2824 1109 2845 ε
1149 2823 1171 2845 n
1187 2824 1209 2844 o
1222 2811 1273 2853 c.)
1314 2813 1438 2844 Iterum
1456 2808 1633 2857 compellat
1646 2808 1918 2859 Iudaeos‚eosque

265 2866 418 2901 accedere
430 2863 557 2902 iubens,
570 2861 657 2909 quasi
668 2861 802 2898 obuiam
811 2862 921 2910 prodit
931 2871 968 2895 vt
982 2873 1036 2894 eos
1053 2860 1239 2894 humaniter
1255 2861 1408 2906 excipiat.
1421 2860 1554 2892 Interim
1570 2871 1679 2894 tamen
1695 2857 1831 2906 oblique
1847 2871 1920 2907 per-

264 2915 394 2962 stringit
408 2925 521 2947 eorum
530 2911 858 2958 defetfftionem,quod
868 2909 949 2944 sanae
962 2910 1119 2943 doetrinae
1129 2920 1262 2955 capaces
1272 2920 1339 2941 non
1349 2906 1433 2940 effen
1439 2905 1525 2945 t,nis1
1536 2905 1566 2940 se
1577 2906 1771 2956 colligerent
1781 2906 1822 2941 ab
1831 2920 1921 2941 erro-

257 2978 302 2998 re.
313 2965 386 2998 Hoc
397 2960 496 3010 porro
504 2973 572 2994 non
580 2960 652 2994 leue
662 2962 784 2993 crimen
793 2957 889 2997 fuit,a
900 2958 978 2992 Deo
987 2968 1056 2991 tam
1064 2957 1176 3005 procul
1187 2967 1332 2990 remotos
1342 2954 1467 2993 esse,cui
1476 2954 1679 2990 familiariter
1689 2957 1857 2990 coniuneln
1874 2955 1921 2989 es-

260 3011 288 3046 se
301 3010 364 3047 deb
370 3008 609 3056 uerant.Longe
625 3008 703 3042 veto
713 3007 848 3042 aberant
857 3019 924 3040 non
935 3005 1000 3040 loci
1014 3004 1200 3043 interuallo,
1206 3003 1258 3038 sed
1267 3005 1368 3038 animi
1378 3001 1518 3038 consens
1517 3006 1610 3037 u.Hic
1621 3016 1700 3053 ergo
1713 3003 1850 3038 acceisus
1861 3004 1918 3043 est,

260 3073 298 3096 vt
309 3058 420 3108 positis
438 3056 606 3092 affeistibus
616 3057 733 3090 nostris
748 3058 789 3091 ad
799 3055 901 3104 ipsum
919 3055 1117 3089 audiendum
1133 3055 1236 3101 parati
1251 3050 1346 3085 fimus
1354 3077 1362 3085 .
1373 3054 1481 3100 Atque
1496 3052 1560 3086 hoc
1570 3051 1611 3086 ab
1621 3056 1689 3086 eius
1699 3055 1804 3100 gratia
1822 3051 1920 3101 profi-

259 3108 331 3143 cisci
354 3106 479 3142 necesse
491 3106 554 3141 est.
569 3118 628 3140 nec
647 3107 735 3139 enim
752 3108 798 3139 ita
815 3106 994 3151 comparati
1012 3101 1073 3137 effe
1083 3101 1263 3150 poisumuS,
1276 3099 1335 3134 nisi
1353 3113 1411 3134 nos
1426 3102 1467 3135 ad
1482 3100 1512 3135 se
1528 3102 1683 3135 adducat.
1724 3114 1747 3135 N
1759 3113 1779 3135 o
1794 3113 1815 3134 Ν
1855 3112 1879 3134 Α
1896 3114 1915 3135 Β

264 3171 274 3191 ι
288 3170 310 3191 N
324 3170 334 3191 1
350 3169 371 3190 T
385 3171 395 3192 1
413 3169 453 3191 o.
489 3157 587 3190 Hunc
603 3153 717 3190 locum
736 3152 826 3189 varie
844 3163 1011 3201 exponunt
1030 3156 1225 3198 interpretes
1236 3176 1243 3184 .
1258 3148 1355 3184 multi
1368 3150 1409 3184 ad
1426 3150 1594 3184 Christum
1616 3150 1752 3186 trahunt
1763 3173 1773 3189 ‚
1785 3149 1861 3184 cum
1872 3160 1920 3183 ta-

1837 3210 1918 3233 men
